[{"thumb": "http://i4.peapod.com/c/KK/KKNHZ.gif", "price": "199", "unit_price": "$.25/ oz", "name": "Beech-Nut Homestyle Stage 1 Baby Cereal Rice Single Grain", "cnid": "1409", "productId": "19846", "size": "8 oz box"},
{"thumb": "http://i4.peapod.com/c/KK/KKNHZ.gif", "price": "95", "unit_price": "$.38/ oz", "name": "Beech-Nut Stage 1 Chicken & Chicken Broth", "cnid": "1409", "productId": "18250", "size": "2.5 oz jar"},
{"thumb": "http://i4.peapod.com/c/KK/KKNHZ.gif", "price": "95", "unit_price": "$.38/ oz", "name": "Beech-Nut Stage 1 Turkey & Turkey Broth", "cnid": "1409", "productId": "21952", "size": "2.5 oz jar"},
{"thumb": "http://i4.peapod.com/c/KK/KKNHZ.gif", "price": "55", "unit_price": "$.14/ oz", "name": "Beech-Nut Stage 2 Apples & Chicken", "cnid": "1409", "productId": "46513", "size": "4 oz jar"},
{"thumb": "http://i4.peapod.com/c/KK/KKNHZ.gif", "price": "55", "unit_price": "$.14/ oz", "name": "Beech-Nut Stage 2 Applesauce", "cnid": "1409", "productId": "7574", "size": "4 oz jar"},
{"thumb": "http://i4.peapod.com/c/KK/KKNHZ.gif", "price": "55", "unit_price": "$.14/ oz", "name": "Beech-Nut Stage 2 Ham, Pineapple & Rice", "cnid": "1409", "productId": "153538", "size": "4 oz jar"},
{"thumb": "http://i4.peapod.com/c/KK/KKNHZ.gif", "price": "55", "unit_price": "$.14/ oz", "name": "Beech-Nut Stage 2 Pears", "cnid": "1409", "productId": "7597", "size": "4 oz jar"},
{"thumb": "http://i4.peapod.com/c/KK/KKNHZ.gif", "price": "55", "unit_price": "$.14/ oz", "name": "Beech-Nut Stage 2 Sweet Corn Casserole", "cnid": "1409", "productId": "164365", "size": "4 oz jar"},
{"thumb": "http://i4.peapod.com/c/KK/KKNHZ.gif", "price": "55", "unit_price": "$.14/ oz", "name": "Beech-Nut Stage 2 Veggie Tender Golden Sweet Potatoes", "cnid": "1409", "productId": "7596", "size": "4 oz jar"},
{"thumb": "http://i4.peapod.com/c/KK/KKNHZ.gif", "price": "55", "unit_price": "$.14/ oz", "name": "Beech-Nut Stage 2 Veggie Tender Sweet Carrots", "cnid": "1409", "productId": "7600", "size": "4 oz jar"},
{"thumb": "http://i4.peapod.com/c/KK/KKNHZ.gif", "price": "349", "unit_price": "$.44/ oz", "name": "Earth's Best Cereal Rice Whole Grain Organic", "cnid": "1409", "productId": "94384", "size": "8 oz box"},
{"thumb": "http://i4.peapod.com/c/KK/KKNHZ.gif", "price": "67", "unit_price": "$.27/ oz", "name": "Earth's Best First Apples Organic", "cnid": "1409", "productId": "138490", "size": "2.5 oz jar"},
{"thumb": "http://i4.peapod.com/c/KK/KKNHZ.gif", "price": "67", "unit_price": "$.27/ oz", "name": "Earth's Best First Bananas Organic", "cnid": "1409", "productId": "138491", "size": "2.5 oz jar"},
{"thumb": "http://i4.peapod.com/c/KK/KKNHZ.gif", "price": "67", "unit_price": "$.27/ oz", "name": "Earth's Best First Carrots Organic", "cnid": "1409", "productId": "121724", "size": "2.5 oz jar"},
{"thumb": "http://i4.peapod.com/c/KK/KKNHZ.gif", "price": "67", "unit_price": "$.27/ oz", "name": "Earth's Best First Peas Organic", "cnid": "1409", "productId": "121723", "size": "2.5 oz jar"},
{"thumb": "http://i4.peapod.com/c/KK/KKNHZ.gif", "price": "67", "unit_price": "$.27/ oz", "name": "Earth's Best First Sweet Potatoes Organic", "cnid": "1409", "productId": "144095", "size": "2.5 oz jar"},
{"thumb": "http://i4.peapod.com/c/KK/KKNHZ.gif", "price": "339", "unit_price": "$.64/ oz", "name": "Earth's Best Sesame St. Letter of the Day Cookies Oatmeal Cinnamon Organic", "cnid": "1409", "productId": "137535", "size": "5.3 oz box"},
{"thumb": "http://i4.peapod.com/c/KK/KKNHZ.gif", "price": "80", "unit_price": "$.20/ oz", "name": "Earth's Best Stage 2 Apples & Apricots Organic", "cnid": "1409", "productId": "17388", "size": "4 oz jar"},
{"thumb": "http://i4.peapod.com/c/KK/KKNHZ.gif", "price": "80", "unit_price": "$.20/ oz", "name": "Earth's Best Stage 2 Apples & Blueberries Organic", "cnid": "1409", "productId": "17393", "size": "4 oz jar"},
{"thumb": "http://i4.peapod.com/c/KK/KKNHZ.gif", "price": "80", "unit_price": "$.20/ oz", "name": "Earth's Best Stage 2 Apples & Plums Organic", "cnid": "1409", "productId": "17382", "size": "4 oz jar"},
{"thumb": "http://i4.peapod.com/c/KK/KKNHZ.gif", "price": "80", "unit_price": "$.20/ oz", "name": "Earth's Best Stage 2 Carrots Organic", "cnid": "1409", "productId": "17392", "size": "4 oz jar"},
{"thumb": "http://i4.peapod.com/c/KK/KKNHZ.gif", "price": "80", "unit_price": "$.20/ oz", "name": "Earth's Best Stage 2 Dinner Rice & Lentil Organic", "cnid": "1409", "productId": "17387", "size": "4 oz jar"},
{"thumb": "http://i4.peapod.com/c/KK/KKNHZ.gif", "price": "80", "unit_price": "$.20/ oz", "name": "Earth's Best Stage 2 Dinner Summer Vegetable Organic", "cnid": "1409", "productId": "17394", "size": "4 oz jar"},
{"thumb": "http://i4.peapod.com/c/KK/KKNHZ.gif", "price": "80", "unit_price": "$.20/ oz", "name": "Earth's Best Stage 2 Dinner Sweet Potato & Chicken Organic", "cnid": "1409", "productId": "17380", "size": "4 oz jar"},
{"thumb": "http://i4.peapod.com/c/KK/KKNHZ.gif", "price": "80", "unit_price": "$.20/ oz", "name": "Earth's Best Stage 2 Dinner Vegetable Turkey Organic", "cnid": "1409", "productId": "17381", "size": "4 oz jar"},
{"thumb": "http://i4.peapod.com/c/KK/KKNHZ.gif", "price": "80", "unit_price": "$.20/ oz", "name": "Earth's Best Stage 2 Fruit & Whole Grain Peach Oatmeal Banana Organic", "cnid": "1409", "productId": "17383", "size": "4 oz jar"},
{"thumb": "http://i4.peapod.com/c/KK/KKNHZ.gif", "price": "80", "unit_price": "$.20/ oz", "name": "Earth's Best Stage 2 Pears Organic", "cnid": "1409", "productId": "17384", "size": "4 oz jar"},
{"thumb": "http://i4.peapod.com/c/KK/KKNHZ.gif", "price": "80", "unit_price": "$.20/ oz", "name": "Earth's Best Stage 2 Peas & Brown Rice Organic", "cnid": "1409", "productId": "17391", "size": "4 oz jar"},
{"thumb": "http://i4.peapod.com/c/KK/KKNHZ.gif", "price": "80", "unit_price": "$.20/ oz", "name": "Earth's Best Stage 2 Spinach & Potatoes Organic", "cnid": "1409", "productId": "36018", "size": "4 oz jar"},
{"thumb": "http://i4.peapod.com/c/KK/KKNHZ.gif", "price": "80", "unit_price": "$.20/ oz", "name": "Earth's Best Stage 2 Strained Foods Corn & Butternut Squash Organic", "cnid": "1409", "productId": "74479", "size": "4 oz jar"},
{"thumb": "http://i4.peapod.com/c/KK/KKNHZ.gif", "price": "80", "unit_price": "$.20/ oz", "name": "Earth's Best Stage 2 Strained Foods Prunes & Oatmeal Organic", "cnid": "1409", "productId": "121868", "size": "4 oz jar"},
{"thumb": "http://i4.peapod.com/c/KK/KKNHZ.gif", "price": "80", "unit_price": "$.20/ oz", "name": "Earth's Best Stage 2 Strained Foods Sweet Potatoes Organic", "cnid": "1409", "productId": "17390", "size": "4 oz jar"},
{"thumb": "http://i4.peapod.com/c/KK/KKNHZ.gif", "price": "80", "unit_price": "$.20/ oz", "name": "Earth's Best Stage 2 Strained Foods Winter Squash Organic", "cnid": "1409", "productId": "80527", "size": "4 oz jar"},
{"thumb": "http://i4.peapod.com/c/KK/KKNHZ.gif", "price": "129", "unit_price": "$.22/ oz", "name": "Earth's Best Stage 3 Chunky Blend Spring Vegetables & Pasta Organic", "cnid": "1409", "productId": "36022", "size": "6 oz jar"},
{"thumb": "http://i4.peapod.com/c/KK/KKNHZ.gif", "price": "2049", "unit_price": "$.85/ oz", "name": "Enfamil Enfagrow Premium Toddler Formula 2 Powder Milk-Based with Iron", "cnid": "1409", "productId": "145584", "size": "24 oz can"},
{"thumb": "http://i4.peapod.com/c/KK/KKNHZ.gif", "price": "3649", "unit_price": "$1.10/ oz", "name": "Enfamil Gentlease Infant Formula for Fussiness & Gas", "cnid": "1409", "productId": "169508", "size": "33.2 oz box"},
{"thumb": "http://i4.peapod.com/c/KK/KKNHZ.gif", "price": "1669", "unit_price": "$1.39/ oz", "name": "Enfamil Gentlease Infant Formula for Fussiness & Gas with Iron Powder", "cnid": "1409", "productId": "140054", "size": "12 oz can"},
{"thumb": "http://i4.peapod.com/c/KK/KKNHZ.gif", "price": "2599", "unit_price": "$1.17/ oz", "name": "Enfamil Gentlease with LIPIL MIlk-Based Infant Formula Powder", "cnid": "1409", "productId": "153252", "size": "22.2 oz can"},
{"thumb": "http://i4.peapod.com/c/KK/KKNHZ.gif", "price": "2549", "unit_price": "$2.02/ oz", "name": "Enfamil Nutramigen LIPIL Infant Formula for Colic with Iron Powder", "cnid": "1409", "productId": "154498", "size": "12.6 oz can"},
{"thumb": "http://i4.peapod.com/c/KK/KKNHZ.gif", "price": "2599", "unit_price": "$1.11/ oz", "name": "Enfamil Premium Infant 1 Formula Milk-Based with Iron Powder", "cnid": "1409", "productId": "164733", "size": "23.4 oz tub"},
{"thumb": "http://i4.peapod.com/c/KK/KKNHZ.gif", "price": "999", "unit_price": "$.21/ oz", "name": "Enfamil Premium Infant 1 Milk-Based Formula with Iron Ready to Use - 6 pk", "cnid": "1409", "productId": "184517", "size": "8 oz btl"},
{"thumb": "http://i4.peapod.com/c/KK/KKNHZ.gif", "price": "2599", "unit_price": "$1.11/ oz", "name": "Enfamil Premium Newborn N Infant Formula Milk-Based with Iron Powder", "cnid": "1409", "productId": "164732", "size": "23.4 oz tub"},
{"thumb": "http://i4.peapod.com/c/KK/KKNHZ.gif", "price": "1799", "unit_price": "$1.39/ oz", "name": "Enfamil ProSobee Infant Formula for Sensitive Tummy with Iron Powder", "cnid": "1409", "productId": "131397", "size": "12.9 oz can"},
{"thumb": "http://i4.peapod.com/c/KK/KKNHZ.gif", "price": "245", "unit_price": "$.08/ oz", "name": "Gerber 100% Apple Juice", "cnid": "1409", "productId": "20094", "size": "32 oz btl"},
{"thumb": "http://i4.peapod.com/c/KK/KKNHZ.gif", "price": "295", "unit_price": "$.18/ oz", "name": "Gerber 100% Apple Juice - 4 pk", "cnid": "1409", "productId": "122722", "size": "4 oz btl"},
{"thumb": "http://i4.peapod.com/c/KK/KKNHZ.gif", "price": "245", "unit_price": "$.08/ oz", "name": "Gerber 100% Pear Juice with Vitamin C", "cnid": "1409", "productId": "27881", "size": "32 oz btl"},
{"thumb": "http://i4.peapod.com/c/KK/KKNHZ.gif", "price": "139", "unit_price": "$.28/ oz", "name": "Gerber 1st Foods Bananas Organic - 2 pk", "cnid": "1409", "productId": "122767", "size": "5 oz pkg"},
{"thumb": "http://i4.peapod.com/c/KK/KKNHZ.gif", "price": "105", "unit_price": "$.21/ oz", "name": "Gerber 1st Foods NatureSelect Apples - 2 pk", "cnid": "1409", "productId": "134334", "size": "5 oz pkg"},
{"thumb": "http://i4.peapod.com/c/KK/KKNHZ.gif", "price": "105", "unit_price": "$.21/ oz", "name": "Gerber 1st Foods NatureSelect Bananas - 2 pk", "cnid": "1409", "productId": "134336", "size": "5 oz pkg"},
{"thumb": "http://i4.peapod.com/c/KK/KKNHZ.gif", "price": "105", "unit_price": "$.21/ oz", "name": "Gerber 1st Foods NatureSelect Green Beans - 2 pk", "cnid": "1409", "productId": "930", "size": "5 oz pkg"},
{"thumb": "http://i4.peapod.com/c/KK/KKNHZ.gif", "price": "105", "unit_price": "$.21/ oz", "name": "Gerber 1st Foods NatureSelect Peaches - 2 pk", "cnid": "1409", "productId": "134333", "size": "5 oz pkg"},
{"thumb": "http://i4.peapod.com/c/KK/KKNHZ.gif", "price": "105", "unit_price": "$.21/ oz", "name": "Gerber 1st Foods NatureSelect Pears - 2 pk", "cnid": "1409", "productId": "134335", "size": "5 oz pkg"},
{"thumb": "http://i4.peapod.com/c/KK/KKNHZ.gif", "price": "105", "unit_price": "$.21/ oz", "name": "Gerber 1st Foods NatureSelect Prunes - 2 pk", "cnid": "1409", "productId": "134337", "size": "5 oz pkg"},
{"thumb": "http://i4.peapod.com/c/KK/KKNHZ.gif", "price": "105", "unit_price": "$.21/ oz", "name": "Gerber 1st Foods NatureSelect Squash - 2 pk", "cnid": "1409", "productId": "932", "size": "5 oz pkg"},
{"thumb": "http://i4.peapod.com/c/KK/KKNHZ.gif", "price": "105", "unit_price": "$.21/ oz", "name": "Gerber 1st Foods NatureSelect Sweet Potatoes - 2 pk", "cnid": "1409", "productId": "933", "size": "5 oz pkg"},
{"thumb": "http://i4.peapod.com/c/KK/KKNHZ.gif", "price": "139", "unit_price": "$.28/ oz", "name": "Gerber 1st Foods Prunes Organic - 2 pk", "cnid": "1409", "productId": "157692", "size": "5 oz pkg"},
{"thumb": "http://i4.peapod.com/c/KK/KKNHZ.gif", "price": "149", "unit_price": "$.21/ oz", "name": "Gerber 2nd Foods Apple Strawberry Organic - 2 pk", "cnid": "1409", "productId": "142113", "size": "7 oz pkg"},
{"thumb": "http://i4.peapod.com/c/KK/KKNHZ.gif", "price": "105", "unit_price": "$.42/ oz", "name": "Gerber 2nd Foods Beef & Beef Gravy", "cnid": "1409", "productId": "942", "size": "2.5 oz jar"},
{"thumb": "http://i4.peapod.com/c/KK/KKNHZ.gif", "price": "105", "unit_price": "$.42/ oz", "name": "Gerber 2nd Foods Chicken & Chicken Gravy", "cnid": "1409", "productId": "940", "size": "2.5 oz jar"},
{"thumb": "http://i4.peapod.com/c/KK/KKNHZ.gif", "price": "105", "unit_price": "$.42/ oz", "name": "Gerber 2nd Foods Ham & Ham Gravy", "cnid": "1409", "productId": "40936", "size": "2.5 oz jar"},
{"thumb": "http://i4.peapod.com/c/KK/KKNHZ.gif", "price": "109", "unit_price": "$.16/ oz", "name": "Gerber 2nd Foods NatureSelect Apple Sauce - 2 pk", "cnid": "1409", "productId": "900", "size": "7 oz pkg"},
{"thumb": "http://i4.peapod.com/c/KK/KKNHZ.gif", "price": "109", "unit_price": "$.16/ oz", "name": "Gerber 2nd Foods NatureSelect Apple Strawberry Banana - 2 pk", "cnid": "1409", "productId": "122724", "size": "7 oz pkg"},
{"thumb": "http://i4.peapod.com/c/KK/KKNHZ.gif", "price": "109", "unit_price": "$.16/ oz", "name": "Gerber 2nd Foods NatureSelect Apricot with Mixed Fruit - 2 pk", "cnid": "1409", "productId": "160756", "size": "7 oz pkg"},
{"thumb": "http://i4.peapod.com/c/KK/KKNHZ.gif", "price": "109", "unit_price": "$.16/ oz", "name": "Gerber 2nd Foods NatureSelect Banana Mixed Berries - 2 pk", "cnid": "1409", "productId": "122728", "size": "7 oz pkg"},
{"thumb": "http://i4.peapod.com/c/KK/KKNHZ.gif", "price": "109", "unit_price": "$.16/ oz", "name": "Gerber 2nd Foods NatureSelect Bananas - 2 pk", "cnid": "1409", "productId": "904", "size": "7 oz pkg"},
{"thumb": "http://i4.peapod.com/c/KK/KKNHZ.gif", "price": "109", "unit_price": "$.16/ oz", "name": "Gerber 2nd Foods NatureSelect Bananas with Apples & Pears - 2 pk", "cnid": "1409", "productId": "32930", "size": "7 oz pkg"},
{"thumb": "http://i4.peapod.com/c/KK/KKNHZ.gif", "price": "109", "unit_price": "$.16/ oz", "name": "Gerber 2nd Foods NatureSelect Carrots - 2 pk", "cnid": "1409", "productId": "142106", "size": "7 oz pkg"},
{"thumb": "http://i4.peapod.com/c/KK/KKNHZ.gif", "price": "109", "unit_price": "$.16/ oz", "name": "Gerber 2nd Foods NatureSelect Chicken & Rice Dinner - 2 pk", "cnid": "1409", "productId": "186061", "size": "7 oz pkg"},
{"thumb": "http://i4.peapod.com/c/KK/KKNHZ.gif", "price": "109", "unit_price": "$.16/ oz", "name": "Gerber 2nd Foods NatureSelect Garden Vegetables - 2 pk", "cnid": "1409", "productId": "142110", "size": "7 oz pkg"},
{"thumb": "http://i4.peapod.com/c/KK/KKNHZ.gif", "price": "109", "unit_price": "$.16/ oz", "name": "Gerber 2nd Foods NatureSelect Green Beans - 2 pk", "cnid": "1409", "productId": "142108", "size": "7 oz pkg"},
{"thumb": "http://i4.peapod.com/c/KK/KKNHZ.gif", "price": "109", "unit_price": "$.16/ oz", "name": "Gerber 2nd Foods NatureSelect Mixed Vegetables - 2 pk", "cnid": "1409", "productId": "141918", "size": "7 oz pkg"},
{"thumb": "http://i4.peapod.com/c/KK/KKNHZ.gif", "price": "109", "unit_price": "$.16/ oz", "name": "Gerber 2nd Foods NatureSelect Peaches - 2 pk", "cnid": "1409", "productId": "899", "size": "7 oz pkg"},
{"thumb": "http://i4.peapod.com/c/KK/KKNHZ.gif", "price": "109", "unit_price": "$.16/ oz", "name": "Gerber 2nd Foods NatureSelect Pear Pineapple - 2 pk", "cnid": "1409", "productId": "901", "size": "7 oz pkg"},
{"thumb": "http://i4.peapod.com/c/KK/KKNHZ.gif", "price": "109", "unit_price": "$.16/ oz", "name": "Gerber 2nd Foods NatureSelect Prunes with Apples - 2 pk", "cnid": "1409", "productId": "905", "size": "7 oz pkg"},
{"thumb": "http://i4.peapod.com/c/KK/KKNHZ.gif", "price": "109", "unit_price": "$.16/ oz", "name": "Gerber 2nd Foods NatureSelect Squash - 2 pk", "cnid": "1409", "productId": "142109", "size": "7 oz pkg"},
{"thumb": "http://i4.peapod.com/c/KK/KKNHZ.gif", "price": "109", "unit_price": "$.16/ oz", "name": "Gerber 2nd Foods NatureSelect Sweet Potatoes & Corn - 2 pk", "cnid": "1409", "productId": "142649", "size": "7 oz pkg"},
{"thumb": "http://i4.peapod.com/c/KK/KKNHZ.gif", "price": "109", "unit_price": "$.16/ oz", "name": "Gerber 2nd Foods NatureSelect Sweet Potatoes - 2 pk", "cnid": "1409", "productId": "142107", "size": "7 oz pkg"},
{"thumb": "http://i4.peapod.com/c/KK/KKNHZ.gif", "price": "109", "unit_price": "$.16/ oz", "name": "Gerber 2nd Foods NatureSelect Vanilla Custard Pudding w/Bananas - 2 pk", "cnid": "1409", "productId": "141825", "size": "7 oz pkg"},
{"thumb": "http://i4.peapod.com/c/KK/KKNHZ.gif", "price": "109", "unit_price": "$.16/ oz", "name": "Gerber 2nd Foods NatureSelect Vegetable Beef Dinner - 2 pk", "cnid": "1409", "productId": "186062", "size": "7 oz pkg"},
{"thumb": "http://i4.peapod.com/c/KK/KKNHZ.gif", "price": "109", "unit_price": "$.16/ oz", "name": "Gerber 2nd Foods NatureSelect Vegetable Chicken Dinner - 2 pk", "cnid": "1409", "productId": "186063", "size": "7 oz pkg"},
{"thumb": "http://i4.peapod.com/c/KK/KKNHZ.gif", "price": "149", "unit_price": "$.43/ oz", "name": "Gerber 2nd Foods Pouch Apples Blueberries & Spinach Organic", "cnid": "1409", "productId": "191285", "size": "3.5 oz pkg"},
{"thumb": "http://i4.peapod.com/c/KK/KKNHZ.gif", "price": "149", "unit_price": "$.43/ oz", "name": "Gerber 2nd Foods Pouch Banana Mango Organic", "cnid": "1409", "productId": "191287", "size": "3.5 oz pkg"},
{"thumb": "http://i4.peapod.com/c/KK/KKNHZ.gif", "price": "149", "unit_price": "$.43/ oz", "name": "Gerber 2nd Foods Pouch Pear, Peaches & Strawberries Organic", "cnid": "1409", "productId": "191289", "size": "3.5 oz pkg"},
{"thumb": "http://i4.peapod.com/c/KK/KKNHZ.gif", "price": "149", "unit_price": "$.43/ oz", "name": "Gerber 2nd Foods Pouch Pear Spinach Organic", "cnid": "1409", "productId": "191290", "size": "3.5 oz pkg"},
{"thumb": "http://i4.peapod.com/c/KK/KKNHZ.gif", "price": "149", "unit_price": "$.21/ oz", "name": "Gerber 2nd Foods SmartNourish DHA Apple Sweet Potato Organic - 2 pk", "cnid": "1409", "productId": "141921", "size": "7 oz pkg"},
{"thumb": "http://i4.peapod.com/c/KK/KKNHZ.gif", "price": "149", "unit_price": "$.21/ oz", "name": "Gerber 2nd Foods SmartNourish DHA Banana Peach Granola - 2 pk", "cnid": "1409", "productId": "145826", "size": "7 oz pkg"},
{"thumb": "http://i4.peapod.com/c/KK/KKNHZ.gif", "price": "149", "unit_price": "$.21/ oz", "name": "Gerber 2nd Foods SmartNourish DHA Oatmeal Banana Raspberry Organic - 2 pk", "cnid": "1409", "productId": "158263", "size": "7 oz pkg"},
{"thumb": "http://i4.peapod.com/c/KK/KKNHZ.gif", "price": "149", "unit_price": "$.21/ oz", "name": "Gerber 2nd Foods SmartNourish DHA Pear & Wild Blueberry Organic - 2 pk", "cnid": "1409", "productId": "141920", "size": "7 oz pkg"},
{"thumb": "http://i4.peapod.com/c/KK/KKNHZ.gif", "price": "149", "unit_price": "$.21/ oz", "name": "Gerber 2nd Foods Sweet Potatoes Organic - 2 pk", "cnid": "1409", "productId": "142058", "size": "7 oz pkg"},
{"thumb": "http://i4.peapod.com/c/KK/KKNHZ.gif", "price": "105", "unit_price": "$.42/ oz", "name": "Gerber 2nd Foods Turkey & Turkey Gravy", "cnid": "1409", "productId": "943", "size": "2.5 oz jar"},
{"thumb": "http://i4.peapod.com/c/KK/KKNHZ.gif", "price": "79", "unit_price": "$.13/ oz", "name": "Gerber 3rd Foods NatureSelect Apple Mango Kiwi", "cnid": "1409", "productId": "186569", "size": "6 oz jar"},
{"thumb": "http://i4.peapod.com/c/KK/KKNHZ.gif", "price": "79", "unit_price": "$.13/ oz", "name": "Gerber 3rd Foods NatureSelect Banana Strawberry", "cnid": "1409", "productId": "35722", "size": "6 oz jar"},
{"thumb": "http://i4.peapod.com/c/KK/KKNHZ.gif", "price": "79", "unit_price": "$.13/ oz", "name": "Gerber 3rd Foods NatureSelect Chicken Noodle Dinner", "cnid": "1409", "productId": "982", "size": "6 oz jar"},
{"thumb": "http://i4.peapod.com/c/KK/KKNHZ.gif", "price": "79", "unit_price": "$.13/ oz", "name": "Gerber 3rd Foods NatureSelect Green Beans with Rice", "cnid": "1409", "productId": "985", "size": "6 oz jar"},
{"thumb": "http://i4.peapod.com/c/KK/KKNHZ.gif", "price": "79", "unit_price": "$.13/ oz", "name": "Gerber 3rd Foods NatureSelect Lasagna with Meat Sauce Dinner", "cnid": "1409", "productId": "35728", "size": "6 oz jar"},
{"thumb": "http://i4.peapod.com/c/KK/KKNHZ.gif", "price": "79", "unit_price": "$.13/ oz", "name": "Gerber 3rd Foods NatureSelect Mixed Vegetables & Chicken Dinner", "cnid": "1409", "productId": "979", "size": "6 oz jar"},
{"thumb": "http://i4.peapod.com/c/KK/KKNHZ.gif", "price": "79", "unit_price": "$.13/ oz", "name": "Gerber 3rd Foods NatureSelect Pears", "cnid": "1409", "productId": "995", "size": "6 oz jar"},
{"thumb": "http://i4.peapod.com/c/KK/KKNHZ.gif", "price": "79", "unit_price": "$.13/ oz", "name": "Gerber 3rd Foods NatureSelect Spaghetti in Tomato Sauce with Beef Dinner", "cnid": "1409", "productId": "989", "size": "6 oz jar"},
{"thumb": "http://i4.peapod.com/c/KK/KKNHZ.gif", "price": "79", "unit_price": "$.13/ oz", "name": "Gerber 3rd Foods NatureSelect Spoonable Smoothies Fruit Medley", "cnid": "1409", "productId": "21363", "size": "6 oz jar"},
{"thumb": "http://i4.peapod.com/c/KK/KKNHZ.gif", "price": "79", "unit_price": "$.13/ oz", "name": "Gerber 3rd Foods NatureSelect Sweet Potatoes", "cnid": "1409", "productId": "988", "size": "6 oz jar"},
{"thumb": "http://i4.peapod.com/c/KK/KKNHZ.gif", "price": "79", "unit_price": "$.13/ oz", "name": "Gerber 3rd Foods NatureSelect Turkey, Rice & Vegetables Dinner", "cnid": "1409", "productId": "991", "size": "6 oz jar"},
{"thumb": "http://i4.peapod.com/c/KK/KKNHZ.gif", "price": "365", "unit_price": "$.23/ oz", "name": "Gerber Cereal Mixed Grain", "cnid": "1409", "productId": "14429", "size": "16 oz box"},
{"thumb": "http://i4.peapod.com/c/KK/KKNHZ.gif", "price": "215", "unit_price": "$.27/ oz", "name": "Gerber Cereal Oatmeal Single Grain", "cnid": "1409", "productId": "921", "size": "8 oz box"},
{"thumb": "http://i4.peapod.com/c/KK/KKNHZ.gif", "price": "215", "unit_price": "$.27/ oz", "name": "Gerber Cereal Rice Single Grain", "cnid": "1409", "productId": "922", "size": "8 oz box"},
{"thumb": "http://i4.peapod.com/c/KK/KKNHZ.gif", "price": "2479", "unit_price": "$1.07/ oz", "name": "Gerber Good Start Gentle Formula Milk Based with Iron Powder", "cnid": "1409", "productId": "163754", "size": "23.2 oz tub"},
{"thumb": "http://i4.peapod.com/c/KK/KKNHZ.gif", "price": "1479", "unit_price": "$1.23/ oz", "name": "Gerber Good Start Gentle PLUS Formula Milk Based with Iron Powder", "cnid": "1409", "productId": "140056", "size": "12 oz can"},
{"thumb": "http://i4.peapod.com/c/KK/KKNHZ.gif", "price": "2479", "unit_price": "$1.07/ oz", "name": "Gerber Good Start Protect Infant Formula Milk Based with Iron Powder", "cnid": "1409", "productId": "137457", "size": "23.2 oz can"},
{"thumb": "http://i4.peapod.com/c/KK/KKNHZ.gif", "price": "165", "unit_price": "$.37/ oz", "name": "Gerber Graduates Breakfast Buddies Hot Cereal Apple Cinnamon", "cnid": "1409", "productId": "162385", "size": "4.5 oz pkg"},
{"thumb": "http://i4.peapod.com/c/KK/KKNHZ.gif", "price": "165", "unit_price": "$.37/ oz", "name": "Gerber Graduates Breakfast Buddies Hot Cereal Peach", "cnid": "1409", "productId": "162383", "size": "4.5 oz pkg"},
{"thumb": "http://i4.peapod.com/c/KK/KKNHZ.gif", "price": "235", "unit_price": "$.43/ oz", "name": "Gerber Graduates Cookies Arrowroot", "cnid": "1409", "productId": "141922", "size": "5.5 oz box"},
{"thumb": "http://i4.peapod.com/c/KK/KKNHZ.gif", "price": "215", "unit_price": "$1.45/ oz", "name": "Gerber Graduates Finger Foods Apple Wagon Wheels", "cnid": "1409", "productId": "122740", "size": "1.48 oz can"},
{"thumb": "http://i4.peapod.com/c/KK/KKNHZ.gif", "price": "269", "unit_price": "$.26/ oz", "name": "Gerber Graduates for Preschoolers Fruit Twists Strawberry & Grape - 5 ct", "cnid": "1409", "productId": "153335", "size": "10.5 oz box"},
{"thumb": "http://i4.peapod.com/c/KK/KKNHZ.gif", "price": "269", "unit_price": "$.49/ oz", "name": "Gerber Graduates for Toddlers Cereal Bars Apple Cinnamon - 8 ct", "cnid": "1409", "productId": "113717", "size": "5.5 oz box"},
{"thumb": "http://i4.peapod.com/c/KK/KKNHZ.gif", "price": "235", "unit_price": "$.47/ oz", "name": "Gerber Graduates for Toddlers Cookies Banana", "cnid": "1409", "productId": "35724", "size": "5 oz pkg"},
{"thumb": "http://i4.peapod.com/c/KK/KKNHZ.gif", "price": "149", "unit_price": "$.25/ oz", "name": "Gerber Graduates for Toddlers Lil' Meals White Turkey Stew Rice/Vegetables", "cnid": "1409", "productId": "11939", "size": "6 oz cup"},
{"thumb": "http://i4.peapod.com/c/KK/KKNHZ.gif", "price": "159", "unit_price": "$.64/ oz", "name": "Gerber Graduates for Toddlers Lil' Sticks Chicken Sticks", "cnid": "1409", "productId": "949", "size": "2.5 oz jar"},
{"thumb": "http://i4.peapod.com/c/KK/KKNHZ.gif", "price": "159", "unit_price": "$.64/ oz", "name": "Gerber Graduates for Toddlers Lil' Sticks Meat Sticks", "cnid": "1409", "productId": "948", "size": "2.5 oz jar"},
{"thumb": "http://i4.peapod.com/c/KK/KKNHZ.gif", "price": "159", "unit_price": "$.64/ oz", "name": "Gerber Graduates for Toddlers Lil' Sticks Turkey Sticks", "cnid": "1409", "productId": "23553", "size": "2.5 oz jar"},
{"thumb": "http://i4.peapod.com/c/KK/KKNHZ.gif", "price": "155", "unit_price": "$.26/ oz", "name": "Gerber Graduates for Toddlers Pasta Pick-Ups Ravioli Cheese", "cnid": "1409", "productId": "158270", "size": "6 oz pkg"},
{"thumb": "http://i4.peapod.com/c/KK/KKNHZ.gif", "price": "155", "unit_price": "$.26/ oz", "name": "Gerber Graduates for Toddlers Pasta Pick-Ups Ravioli Chicken & Carrot", "cnid": "1409", "productId": "158267", "size": "6 oz pkg"},
{"thumb": "http://i4.peapod.com/c/KK/KKNHZ.gif", "price": "299", "unit_price": "$2.99/ oz", "name": "Gerber Graduates Fruit & Veggie Melts Very Truly Tropical Blend", "cnid": "1409", "productId": "162382", "size": "1 oz pkg"},
{"thumb": "http://i4.peapod.com/c/KK/KKNHZ.gif", "price": "159", "unit_price": "$.38/ oz", "name": "Gerber Graduates Grabbers Squeezable Fruit & Veggies Pear & Squash", "cnid": "1409", "productId": "175094", "size": "4.23 oz pkg"},
{"thumb": "http://i4.peapod.com/c/KK/KKNHZ.gif", "price": "299", "unit_price": "$.71/ oz", "name": "Gerber Graduates Grabbers Squeezable Fruit Banana Blueberry", "cnid": "1409", "productId": "175091", "size": "4.23 oz pkg"},
{"thumb": "http://i4.peapod.com/c/KK/KKNHZ.gif", "price": "215", "unit_price": "$1.45/ oz", "name": "Gerber Graduates Lil' Crunchies Baked Whole Grain Corn Snack Mild Cheddar", "cnid": "1409", "productId": "147032", "size": "1.48 oz can"},
{"thumb": "http://i4.peapod.com/c/KK/KKNHZ.gif", "price": "215", "unit_price": "$1.45/ oz", "name": "Gerber Graduates Lil' Crunchies Baked Whole Grain Corn Snack Veggie Dip", "cnid": "1409", "productId": "148219", "size": "1.48 oz can"},
{"thumb": "http://i4.peapod.com/c/KK/KKNHZ.gif", "price": "200", "unit_price": "$.28/ oz", "name": "Gerber Graduates Lil' Entrees Chicken Pasta Wheel Pickups w/Sauce & Peas", "cnid": "1409", "productId": "141924", "size": "7.1 oz pkg"},
{"thumb": "http://i4.peapod.com/c/KK/KKNHZ.gif", "price": "200", "unit_price": "$.36/ oz", "name": "Gerber Graduates Lil' Entrees Creamy Vegetables Chicken Noodles Green Bean", "cnid": "1409", "productId": "141923", "size": "5.5 oz pkg"},
{"thumb": "http://i4.peapod.com/c/KK/KKNHZ.gif", "price": "200", "unit_price": "$.29/ oz", "name": "Gerber Graduates Lil' Entrees Pasta Stars in Meat Sauce with Green Beans", "cnid": "1409", "productId": "147033", "size": "6.8 oz pkg"},
{"thumb": "http://i4.peapod.com/c/KK/KKNHZ.gif", "price": "215", "unit_price": "$1.45/ oz", "name": "Gerber Graduates Puffs Cereal Snack Banana", "cnid": "1409", "productId": "134277", "size": "1.48 oz pkg"},
{"thumb": "http://i4.peapod.com/c/KK/KKNHZ.gif", "price": "215", "unit_price": "$1.45/ oz", "name": "Gerber Graduates Puffs Cereal Snack Peach", "cnid": "1409", "productId": "147031", "size": "1.48 oz pkg"},
{"thumb": "http://i4.peapod.com/c/KK/KKNHZ.gif", "price": "215", "unit_price": "$1.45/ oz", "name": "Gerber Graduates Puffs Cereal Snack Strawberry Apple", "cnid": "1409", "productId": "137124", "size": "1.48 oz pkg"},
{"thumb": "http://i4.peapod.com/c/KK/KKNHZ.gif", "price": "215", "unit_price": "$1.45/ oz", "name": "Gerber Graduates Puffs Cereal Snack Sweet Potato", "cnid": "1409", "productId": "144175", "size": "1.48 oz pkg"},
{"thumb": "http://i4.peapod.com/c/KK/KKNHZ.gif", "price": "299", "unit_price": "$2.99/ oz", "name": "Gerber Graduates Yogurt Melts Mixed Berries", "cnid": "1409", "productId": "149215", "size": "1 oz pkg"},
{"thumb": "http://i4.peapod.com/c/KK/KKNHZ.gif", "price": "299", "unit_price": "$2.99/ oz", "name": "Gerber Graduates Yogurt Melts Peach", "cnid": "1409", "productId": "149214", "size": "1 oz pkg"},
{"thumb": "http://i4.peapod.com/c/KK/KKNHZ.gif", "price": "299", "unit_price": "$2.99/ oz", "name": "Gerber Graduates Yogurt Melts Strawberry", "cnid": "1409", "productId": "149217", "size": "1 oz pkg"},
{"thumb": "http://i4.peapod.com/c/KK/KKNHZ.gif", "price": "295", "unit_price": "$.18/ oz", "name": "Gerber Variety Pack 100% Juice - 4 pk", "cnid": "1409", "productId": "122719", "size": "4 oz btl"},
{"thumb": "http://i4.peapod.com/c/KK/KKNHZ.gif", "price": "299", "unit_price": "$.21/ oz", "name": "Gerber Yogurt Blends Simply Strawberry - 4 ct", "cnid": "1409", "productId": "156351", "size": "14 oz pkg"},
{"thumb": "http://i4.peapod.com/c/KK/KKNHZ.gif", "price": "299", "unit_price": "$.19/ oz", "name": "Gerber Yogurt Juice Banana Yogurt & Fruit Juices - 4 pk", "cnid": "1409", "productId": "125035", "size": "4 oz btl"},
{"thumb": "http://i4.peapod.com/c/KK/KKNHZ.gif", "price": "359", "unit_price": "$3.59/ oz", "name": "HAPPYBABY HappyYogis Yogurt Snacks Mixed Berry Organic", "cnid": "1409", "productId": "162373", "size": "1 oz pkg"},
{"thumb": "http://i4.peapod.com/c/KK/KKNHZ.gif", "price": "359", "unit_price": "$3.59/ oz", "name": "HAPPYBABY HappyYogis Yogurt Snacks Strawberry Gluten Free Organic", "cnid": "1409", "productId": "162372", "size": "1 oz pkg"},
{"thumb": "http://i4.peapod.com/c/KK/KKNHZ.gif", "price": "329", "unit_price": "$1.57/ oz", "name": "HAPPYBABY Puffs Banana BPA Free Organic", "cnid": "1409", "productId": "162756", "size": "2.1 oz pkg"},
{"thumb": "http://i4.peapod.com/c/KK/KKNHZ.gif", "price": "999", "unit_price": "$.21/ oz", "name": "PediaSure Chocolate Nutrition Shake - 6 pk", "cnid": "1409", "productId": "49362", "size": "8 oz btl"},
{"thumb": "http://i4.peapod.com/c/KK/KKNHZ.gif", "price": "999", "unit_price": "$.21/ oz", "name": "PediaSure Strawberry Nutrition Shake - 6 pk", "cnid": "1409", "productId": "49341", "size": "8 oz btl"},
{"thumb": "http://i4.peapod.com/c/KK/KKNHZ.gif", "price": "999", "unit_price": "$.21/ oz", "name": "PediaSure Vanilla Nutrition Shake - 6 pk", "cnid": "1409", "productId": "49363", "size": "8 oz btl"},
{"thumb": "http://i4.peapod.com/c/KK/KKNHZ.gif", "price": "1179", "unit_price": "$.25/ oz", "name": "PediaSure Vanilla Nutrition Shake with Fiber - 6 pk", "cnid": "1409", "productId": "146729", "size": "8 oz btl"},
{"thumb": "http://i4.peapod.com/c/KK/KKNHZ.gif", "price": "1699", "unit_price": "$1.37/ oz", "name": "Similac Advance Infant Formula with Iron Powder", "cnid": "1409", "productId": "129849", "size": "12.4 oz can"},
{"thumb": "http://i4.peapod.com/c/KK/KKNHZ.gif", "price": "2669", "unit_price": "$1.15/ oz", "name": "Similac Advance Infant Formula with Iron Powder", "cnid": "1409", "productId": "152293", "size": "23.2 oz can"},
{"thumb": "http://i4.peapod.com/c/KK/KKNHZ.gif", "price": "1029", "unit_price": "$.32/ oz", "name": "Similac Alimentum Expert Care Infant Formula with Iron Ready-to-Feed", "cnid": "1409", "productId": "20951", "size": "32 oz btl"},
{"thumb": "http://i4.peapod.com/c/KK/KKNHZ.gif", "price": "749", "unit_price": "$.23/ oz", "name": "Similac Isomil Soy Infant Formula with Iron Ready To Feed", "cnid": "1409", "productId": "12804", "size": "32 oz btl"},
{"thumb": "http://i4.peapod.com/c/KK/KKNHZ.gif", "price": "1179", "unit_price": "$.25/ oz", "name": "Similac On The Go Advance Infant Formula with Iron Ready To Feed - 6 pk", "cnid": "1409", "productId": "21089", "size": "48 oz pkg"},
{"thumb": "http://i4.peapod.com/c/KK/KKNHZ.gif", "price": "1179", "unit_price": "$.25/ oz", "name": "Similac Sensitive Infant Formula For Fussiness & Gas RTF - 6 pk", "cnid": "1409", "productId": "170639", "size": "8 oz btl"},
{"thumb": "http://i4.peapod.com/c/KK/KKNHZ.gif", "price": "2729", "unit_price": "$1.18/ oz", "name": "Similac Sensitive Infant Formula For Fussiness & Gas with Iron Powder", "cnid": "1409", "productId": "171137", "size": "23.2 oz pkg"},
{"thumb": "http://i4.peapod.com/c/KK/KKNHZ.gif", "price": "169", "unit_price": "$.31/ oz", "name": "Sprout Advanced 3 Baby Food Butternut Squash Macaroni & Cheese Organic", "cnid": "1409", "productId": "164753", "size": "5.5 oz pkg"},
{"thumb": "http://i4.peapod.com/c/KK/KKNHZ.gif", "price": "169", "unit_price": "$.31/ oz", "name": "Sprout Advanced 3 Baby Food Creamy Chicken & Garden Vegetables Organic", "cnid": "1409", "productId": "164754", "size": "5.5 oz pkg"},
{"thumb": "http://i4.peapod.com/c/KK/KKNHZ.gif", "price": "579", "unit_price": "$1.93/ ea", "name": "Learning Curve Princess Sippy Cups Take & Toss 10 oz", "cnid": "1394", "productId": "153254", "size": "3 ct pkg"},
{"thumb": "http://i4.peapod.com/c/KK/KKNHZ.gif", "price": "499", "unit_price": "$.10/ ea", "name": "Playtex Drop-Ins System Bottle Liners Disposable Pre-Sterilized 4 oz", "cnid": "1394", "productId": "118110", "size": "50 ct box"},
{"thumb": "http://i4.peapod.com/c/KK/KKNHZ.gif", "price": "899", "unit_price": "$.09/ ea", "name": "Playtex Drop-Ins System Nurser Bottle Liners Disposable 8-10 oz", "cnid": "1394", "productId": "121001", "size": "100 ct box"},
{"thumb": "http://i4.peapod.com/c/KK/KKNHZ.gif", "price": "499", "unit_price": "$.10/ ea", "name": "Playtex Drop-Ins System Nurser Bottle Liners Disposable 8-10 oz", "cnid": "1394", "productId": "62439", "size": "50 ct box"},
{"thumb": "http://i4.peapod.com/c/KK/KKNHZ.gif", "price": "499", "unit_price": "$4.99/ ea", "name": "Playtex The Insulator Cup Spill Proof 12+ Months 9 oz (Colors May Vary)", "cnid": "1394", "productId": "132133", "size": "1 ct pkg"},
{"thumb": "http://i4.peapod.com/c/KK/KKNHZ.gif", "price": "399", "unit_price": "$2.00/ ea", "name": "Playtex VentAire Advanced Nipples Silicone Standard Fast Flow 3-6+ Months", "cnid": "1394", "productId": "139349", "size": "2 ct pkg"},
{"thumb": "http://i4.peapod.com/c/KK/KKNHZ.gif", "price": "579", "unit_price": "$1.45/ oz", "name": "A+D Original Diaper Rash Ointment & All Purpose Skin Protectant", "cnid": "1371", "productId": "10224", "size": "4 oz pkg"},
{"thumb": "http://i4.peapod.com/c/KK/KKNHZ.gif", "price": "525", "unit_price": "$1.31/ oz", "name": "Balmex Diaper Rash Ointment", "cnid": "1371", "productId": "10265", "size": "4 oz pkg"},
{"thumb": "http://i4.peapod.com/c/KK/KKNHZ.gif", "price": "549", "unit_price": "$.03/ ea", "name": "Cottontails Baby Wipes Unscented Refill", "cnid": "1371", "productId": "141581", "size": "216 ct pkg"},
{"thumb": "http://i4.peapod.com/c/KK/KKNHZ.gif", "price": "749", "unit_price": "$.02/ ea", "name": "Cottontails Baby Wipes Unscented Refill", "cnid": "1371", "productId": "171843", "size": "320 ct pkg"},
{"thumb": "http://i4.peapod.com/c/KK/KKNHZ.gif", "price": "349", "unit_price": "$.04/ ea", "name": "Cottontails Kids Moist Wipes Flushable Original Scent", "cnid": "1371", "productId": "144165", "size": "98 ct pkg"},
{"thumb": "http://i4.peapod.com/c/KK/KKNHZ.gif", "price": "629", "unit_price": "$1.57/ oz", "name": "Desitin Diaper Rash Cream Rapid Relief", "cnid": "1371", "productId": "39643", "size": "4 oz pkg"},
{"thumb": "http://i4.peapod.com/c/KK/KKNHZ.gif", "price": "629", "unit_price": "$1.57/ oz", "name": "Desitin Diaper Rash Paste Maximum Strength Original", "cnid": "1371", "productId": "9061", "size": "4 oz pkg"},
{"thumb": "http://i4.peapod.com/c/KK/KKNHZ.gif", "price": "999", "unit_price": "$.83/ ea", "name": "GoodNites Underpants for Nighttime Boys L/XL - 60-125 lbs", "cnid": "1371", "productId": "104995", "size": "12 ct pkg"},
{"thumb": "http://i4.peapod.com/c/KK/KKNHZ.gif", "price": "999", "unit_price": "$.67/ ea", "name": "GoodNites Underpants for Nighttime Boys Small - Med - 38-65 lbs", "cnid": "1371", "productId": "135467", "size": "15 ct pkg"},
{"thumb": "http://i4.peapod.com/c/KK/KKNHZ.gif", "price": "999", "unit_price": "$.83/ ea", "name": "GoodNites Underpants for Nighttime Girls L/XL - 60-125 lbs", "cnid": "1371", "productId": "135464", "size": "12 ct pkg"},
{"thumb": "http://i4.peapod.com/c/KK/KKNHZ.gif", "price": "1999", "unit_price": "$.77/ ea", "name": "GoodNites Underwear for Nighttime Boys L/XL - 60-125 lbs", "cnid": "1371", "productId": "146727", "size": "26 ct pkg"},
{"thumb": "http://i4.peapod.com/c/KK/KKNHZ.gif", "price": "1999", "unit_price": "$.57/ ea", "name": "GoodNites Underwear for Nighttime Boys Small - Med - 38-65 lbs", "cnid": "1371", "productId": "135465", "size": "35 ct pkg"},
{"thumb": "http://i4.peapod.com/c/KK/KKNHZ.gif", "price": "1999", "unit_price": "$.57/ ea", "name": "GoodNites Underwear for Nighttime Girls Small - Med - 38-65lb", "cnid": "1371", "productId": "135466", "size": "35 ct pkg"},
{"thumb": "http://i4.peapod.com/c/KK/KKNHZ.gif", "price": "999", "unit_price": "$.32/ ea", "name": "Huggies Little Movers Diapers Pooh Size 3 Both Jumbo Pack - 16-28 lbs", "cnid": "1371", "productId": "43989", "size": "31 ct pkg"},
{"thumb": "http://i4.peapod.com/c/KK/KKNHZ.gif", "price": "999", "unit_price": "$.37/ ea", "name": "Huggies Little Movers Diapers Pooh Size 4 Both Jumbo Pack - 22-37 lbs", "cnid": "1371", "productId": "49817", "size": "27 ct pkg"},
{"thumb": "http://i4.peapod.com/c/KK/KKNHZ.gif", "price": "999", "unit_price": "$.43/ ea", "name": "Huggies Little Movers Diapers Pooh Size 5 Both Jumbo Pack - 27+ lbs", "cnid": "1371", "productId": "99985", "size": "23 ct pkg"},
{"thumb": "http://i4.peapod.com/c/KK/KKNHZ.gif", "price": "999", "unit_price": "$.50/ ea", "name": "Huggies Little Movers Diapers Pooh Size 6 Both Jumbo Pack - 35+ lbs", "cnid": "1371", "productId": "114866", "size": "20 ct pkg"},
{"thumb": "http://i4.peapod.com/c/KK/KKNHZ.gif", "price": "899", "unit_price": "$.35/ ea", "name": "Huggies Little Movers Slip-On Diapers Size 3 Both Jumbo Pack - 16-28 lbs", "cnid": "1371", "productId": "175074", "size": "26 ct pkg"},
{"thumb": "http://i4.peapod.com/c/KK/KKNHZ.gif", "price": "899", "unit_price": "$.39/ ea", "name": "Huggies Little Movers Slip-On Diapers Size 4 Both Jumbo Pack - 22-37 lbs", "cnid": "1371", "productId": "175075", "size": "23 ct pkg"},
{"thumb": "http://i4.peapod.com/c/KK/KKNHZ.gif", "price": "899", "unit_price": "$.45/ ea", "name": "Huggies Little Movers Slip-On Diapers Size 5 Both Jumbo Pack - 27+ lbs", "cnid": "1371", "productId": "175076", "size": "20 ct pkg"},
{"thumb": "http://i4.peapod.com/c/KK/KKNHZ.gif", "price": "999", "unit_price": "$.28/ ea", "name": "Huggies Little Snugglers Diapers Newborn Both - up to 10 lbs", "cnid": "1371", "productId": "101297", "size": "36 ct pkg"},
{"thumb": "http://i4.peapod.com/c/KK/KKNHZ.gif", "price": "999", "unit_price": "$.25/ ea", "name": "Huggies Little Snugglers Diapers Pooh Size 1 Both Jumbo Pack-Up to 14 lbs", "cnid": "1371", "productId": "99984", "size": "40 ct pkg"},
{"thumb": "http://i4.peapod.com/c/KK/KKNHZ.gif", "price": "999", "unit_price": "$.28/ ea", "name": "Huggies Little Snugglers Diapers Pooh Size 2 Both Jumbo Pack - 12-18 lbs", "cnid": "1371", "productId": "99986", "size": "36 ct pkg"},
{"thumb": "http://i4.peapod.com/c/KK/KKNHZ.gif", "price": "255", "unit_price": "$.04/ ea", "name": "Huggies Natural Care Baby Wipes Aloe & Vitamin E Fragrance Free", "cnid": "1371", "productId": "153341", "size": "64 ct tub"},
{"thumb": "http://i4.peapod.com/c/KK/KKNHZ.gif", "price": "659", "unit_price": "$.04/ ea", "name": "Huggies Natural Care Baby Wipes Aloe & Vitamin E Fragrance Free Refill", "cnid": "1371", "productId": "153213", "size": "184 ct pkg"},
{"thumb": "http://i4.peapod.com/c/KK/KKNHZ.gif", "price": "659", "unit_price": "$.04/ ea", "name": "Huggies Naturally Refreshing Baby Wipes Cucumber & Green Tea Refill", "cnid": "1371", "productId": "158863", "size": "184 ct pkg"},
{"thumb": "http://i4.peapod.com/c/KK/KKNHZ.gif", "price": "999", "unit_price": "$.43/ ea", "name": "Huggies Overnites Diapers Mickey Mouse Size 5 Both Jumbo Pack - 27+ lbs", "cnid": "1371", "productId": "125659", "size": "23 ct pkg"},
{"thumb": "http://i4.peapod.com/c/KK/KKNHZ.gif", "price": "999", "unit_price": "$.50/ ea", "name": "Huggies Overnites Diapers Mickey Mouse Size 6 Both Jumbo Pack - 35+ lbs", "cnid": "1371", "productId": "158862", "size": "20 ct pkg"},
{"thumb": "http://i4.peapod.com/c/KK/KKNHZ.gif", "price": "949", "unit_price": "$.37/ ea", "name": "Huggies Pull-Ups Training Pants Learning Designs 2T-3T Boy - 18-34 lbs", "cnid": "1371", "productId": "27908", "size": "26 ct pkg"},
{"thumb": "http://i4.peapod.com/c/KK/KKNHZ.gif", "price": "949", "unit_price": "$.37/ ea", "name": "Huggies Pull-Ups Training Pants Learning Designs 2T-3T Girl - 18-34 lbs", "cnid": "1371", "productId": "119652", "size": "26 ct pkg"},
{"thumb": "http://i4.peapod.com/c/KK/KKNHZ.gif", "price": "949", "unit_price": "$.41/ ea", "name": "Huggies Pull-Ups Training Pants Learning Designs 3T-4T Boy - 32-40 lbs", "cnid": "1371", "productId": "27907", "size": "23 ct pkg"},
{"thumb": "http://i4.peapod.com/c/KK/KKNHZ.gif", "price": "949", "unit_price": "$.41/ ea", "name": "Huggies Pull-Ups Training Pants Learning Designs 3T-4T Girl - 32-40 lbs", "cnid": "1371", "productId": "27263", "size": "23 ct pkg"},
{"thumb": "http://i4.peapod.com/c/KK/KKNHZ.gif", "price": "949", "unit_price": "$.50/ ea", "name": "Huggies Pull-Ups Training Pants Learning Designs 4T-5T Boy - 38-50 lbs", "cnid": "1371", "productId": "106372", "size": "19 ct pkg"},
{"thumb": "http://i4.peapod.com/c/KK/KKNHZ.gif", "price": "949", "unit_price": "$.50/ ea", "name": "Huggies Pull-Ups Training Pants Learning Designs 4T-5T Girl - 38-50 lbs", "cnid": "1371", "productId": "111352", "size": "19 ct pkg"},
{"thumb": "http://i4.peapod.com/c/KK/KKNHZ.gif", "price": "999", "unit_price": "$.32/ ea", "name": "Huggies Snug & Dry Diapers Mickey Mouse Size 4 Both Jumbo Pack - 22-37 lbs", "cnid": "1371", "productId": "99981", "size": "31 ct pkg"},
{"thumb": "http://i4.peapod.com/c/KK/KKNHZ.gif", "price": "999", "unit_price": "$.37/ ea", "name": "Huggies Snug & Dry Diapers Mickey Mouse Size 5 Both Jumbo Pack - 27+ lbs", "cnid": "1371", "productId": "99982", "size": "27 ct pkg"},
{"thumb": "http://i4.peapod.com/c/KK/KKNHZ.gif", "price": "999", "unit_price": "$.43/ ea", "name": "Huggies Snug & Dry Diapers Mickey Mouse Size 6 Both Jumbo Pack - 35+ lbs", "cnid": "1371", "productId": "100990", "size": "23 ct pkg"},
{"thumb": "http://i4.peapod.com/c/KK/KKNHZ.gif", "price": "659", "unit_price": "$.04/ ea", "name": "Huggies Soft Skin Thick 'n' Clean Baby Wipes Shea Butter Refill", "cnid": "1371", "productId": "153340", "size": "184 ct pkg"},
{"thumb": "http://i4.peapod.com/c/KK/KKNHZ.gif", "price": "1799", "unit_price": "$.17/ ea", "name": "Luvs Ultra LeakGuards Diapers Size 3 Both - 16-28 lbs", "cnid": "1371", "productId": "171891", "size": "108 ct pkg"},
{"thumb": "http://i4.peapod.com/c/KK/KKNHZ.gif", "price": "1799", "unit_price": "$.19/ ea", "name": "Luvs Ultra LeakGuards Diapers Size 4 Both - 22-37 lbs", "cnid": "1371", "productId": "172311", "size": "96 ct pkg"},
{"thumb": "http://i4.peapod.com/c/KK/KKNHZ.gif", "price": "1799", "unit_price": "$.22/ ea", "name": "Luvs Ultra LeakGuards Diapers Size 5 Both 27+ lbs", "cnid": "1371", "productId": "170705", "size": "80 ct pkg"},
{"thumb": "http://i4.peapod.com/c/KK/KKNHZ.gif", "price": "1799", "unit_price": "$.27/ ea", "name": "Luvs Ultra LeakGuards Diapers Size 6 Both - 35+ lbs", "cnid": "1371", "productId": "172731", "size": "66 ct pkg"},
{"thumb": "http://i4.peapod.com/c/KK/KKNHZ.gif", "price": "2499", "unit_price": "$.22/ ea", "name": "Pampers Baby Dry Diapers Size 3 Both Super Pack - 16-28 lbs", "cnid": "1371", "productId": "177940", "size": "112 ct pkg"},
{"thumb": "http://i4.peapod.com/c/KK/KKNHZ.gif", "price": "2499", "unit_price": "$.26/ ea", "name": "Pampers Baby Dry Diapers Size 4 Both - 22-37 lbs", "cnid": "1371", "productId": "177935", "size": "96 ct pkg"},
{"thumb": "http://i4.peapod.com/c/KK/KKNHZ.gif", "price": "2499", "unit_price": "$.30/ ea", "name": "Pampers Baby Dry Diapers Size 5 Both - 27+ lbs", "cnid": "1371", "productId": "177934", "size": "84 ct pkg"},
{"thumb": "http://i4.peapod.com/c/KK/KKNHZ.gif", "price": "2499", "unit_price": "$.37/ ea", "name": "Pampers Baby Dry Diapers Size 6 Both Super Pack - 35+ lbs", "cnid": "1371", "productId": "177932", "size": "68 ct pkg"},
{"thumb": "http://i4.peapod.com/c/KK/KKNHZ.gif", "price": "255", "unit_price": "$.04/ ea", "name": "Pampers Baby Wipes Sensitive", "cnid": "1371", "productId": "144195", "size": "64 ct bin"},
{"thumb": "http://i4.peapod.com/c/KK/KKNHZ.gif", "price": "599", "unit_price": "$.03/ ea", "name": "Pampers Baby Wipes Sensitive Refill 64 ct ea - 3 pk", "cnid": "1371", "productId": "144194", "size": "192 ct pkg"},
{"thumb": "http://i4.peapod.com/c/KK/KKNHZ.gif", "price": "2499", "unit_price": "$.26/ ea", "name": "Pampers Cruisers 3-Way Fit Diapers Size 3 Both - 16-28 lbs", "cnid": "1371", "productId": "177936", "size": "96 ct box"},
{"thumb": "http://i4.peapod.com/c/KK/KKNHZ.gif", "price": "2499", "unit_price": "$.31/ ea", "name": "Pampers Cruisers 3-Way Fit Diapers Size 4 Both - 22-37 lbs", "cnid": "1371", "productId": "177937", "size": "80 ct box"},
{"thumb": "http://i4.peapod.com/c/KK/KKNHZ.gif", "price": "2499", "unit_price": "$.35/ ea", "name": "Pampers Cruisers 3-Way Fit Diapers Size 5 Both - 27+ lbs", "cnid": "1371", "productId": "177938", "size": "72 ct box"},
{"thumb": "http://i4.peapod.com/c/KK/KKNHZ.gif", "price": "2499", "unit_price": "$.43/ ea", "name": "Pampers Cruisers 3-Way Fit Diapers Size 6 Both Super Pack - 35+ lbs", "cnid": "1371", "productId": "177939", "size": "58 ct box"},
{"thumb": "http://i4.peapod.com/c/KK/KKNHZ.gif", "price": "949", "unit_price": "$.37/ ea", "name": "Pampers Extra Protection Diapers Size 4 Both - 22-37 lbs", "cnid": "1371", "productId": "162795", "size": "26 ct pkg"},
{"thumb": "http://i4.peapod.com/c/KK/KKNHZ.gif", "price": "949", "unit_price": "$.41/ ea", "name": "Pampers Extra Protection Diapers Size 5 Both - 27+ lbs", "cnid": "1371", "productId": "162796", "size": "23 ct pkg"},
{"thumb": "http://i4.peapod.com/c/KK/KKNHZ.gif", "price": "599", "unit_price": "$.03/ ea", "name": "Pampers Soft Care Baby Wipes Aloe Unscented Refill 72 ct ea - 3 pk", "cnid": "1371", "productId": "136713", "size": "216 ct pkg"},
{"thumb": "http://i4.peapod.com/c/KK/KKNHZ.gif", "price": "999", "unit_price": "$.03/ ea", "name": "Pampers Soft Care Baby Wipes Scented 72 ct ea - 5 pk", "cnid": "1371", "productId": "148586", "size": "360 ct box"},
{"thumb": "http://i4.peapod.com/c/KK/KKNHZ.gif", "price": "255", "unit_price": "$.04/ ea", "name": "Pampers Soft Care Baby Wipes Scented Baby Fresh", "cnid": "1371", "productId": "101925", "size": "72 ct tub"},
{"thumb": "http://i4.peapod.com/c/KK/KKNHZ.gif", "price": "599", "unit_price": "$.03/ ea", "name": "Pampers Soft Care Baby Wipes Scented Baby Fresh Refill 72 ct ea - 3 pk", "cnid": "1371", "productId": "104260", "size": "216 ct pkg"},
{"thumb": "http://i4.peapod.com/c/KK/KKNHZ.gif", "price": "949", "unit_price": "$.24/ ea", "name": "Pampers Swaddlers New Baby Diapers Size 1 Both - 8-14 lbs", "cnid": "1371", "productId": "61336", "size": "40 ct pkg"},
{"thumb": "http://i4.peapod.com/c/KK/KKNHZ.gif", "price": "2499", "unit_price": "$.23/ ea", "name": "Pampers Swaddlers New Baby Diapers Size 1 Both - 8-14 lbs", "cnid": "1371", "productId": "177920", "size": "108 ct pkg"},
{"thumb": "http://i4.peapod.com/c/KK/KKNHZ.gif", "price": "2499", "unit_price": "$.35/ ea", "name": "Pampers Swaddlers New Baby Diapers Size 1 Both - 8-14 lbs", "cnid": "1371", "productId": "162794", "size": "72 ct pkg"},
{"thumb": "http://i4.peapod.com/c/KK/KKNHZ.gif", "price": "2499", "unit_price": "$.25/ ea", "name": "Pampers Swaddlers New Baby Diapers Size 2 Both - 12-18 lbs", "cnid": "1371", "productId": "177921", "size": "100 ct pkg"},
{"thumb": "http://i4.peapod.com/c/KK/KKNHZ.gif", "price": "949", "unit_price": "$.26/ ea", "name": "Pampers Swaddlers New Baby Diapers Size 2 Both Jumbo Pack - 12-18 lbs", "cnid": "1371", "productId": "61335", "size": "36 ct pkg"},
{"thumb": "http://i4.peapod.com/c/KK/KKNHZ.gif", "price": "949", "unit_price": "$.26/ ea", "name": "Pampers Swaddlers New Baby Diapers Size N Both Jumbo Pack up to 10 lbs", "cnid": "1371", "productId": "87694", "size": "36 ct pkg"},
{"thumb": "http://i4.peapod.com/c/KK/KKNHZ.gif", "price": "999", "unit_price": "$.37/ ea", "name": "Seventh Generation Baby Diapers Free & Clear Size 4 Both - 22-37 lbs", "cnid": "1371", "productId": "155825", "size": "27 ct pkg"},
{"thumb": "http://i4.peapod.com/c/KK/KKNHZ.gif", "price": "999", "unit_price": "$.43/ ea", "name": "Seventh Generation Baby Diapers Free & Clear Size 5 Both - 27+ lbs", "cnid": "1371", "productId": "149699", "size": "23 ct pkg"},
{"thumb": "http://i4.peapod.com/c/KK/KKNHZ.gif", "price": "1899", "unit_price": "$2.37/ oz", "name": "Triple Paste Medicated Ointment for Diaper Rash", "cnid": "1371", "productId": "162981", "size": "8 oz pkg"},
{"thumb": "http://i4.peapod.com/c/KK/KKNHZ.gif", "price": "579", "unit_price": "$1.45/ oz", "name": "A+D Original Diaper Rash Ointment & All Purpose Skin Protectant", "cnid": "1423", "productId": "10224", "size": "4 oz pkg"},
{"thumb": "http://i4.peapod.com/c/KK/KKNHZ.gif", "price": "599", "unit_price": "$1.50/ oz", "name": "Advil Children's Fever Reducer Pain Reliever Ibuprofen Fruit Suspension", "cnid": "1423", "productId": "73892", "size": "4 oz pkg"},
{"thumb": "http://i4.peapod.com/c/KK/KKNHZ.gif", "price": "599", "unit_price": "$1.50/ oz", "name": "Advil Children's Fever Reducer Pain Reliever Ibuprofen Grape Suspension", "cnid": "1423", "productId": "107449", "size": "4 oz pkg"},
{"thumb": "http://i4.peapod.com/c/KK/KKNHZ.gif", "price": "569", "unit_price": "$11.38/ oz", "name": "Advil Infants' Fever Reducer Ibuprofen Dye-Free White Grape Drops", "cnid": "1423", "productId": "137735", "size": ".5 oz pkg"},
{"thumb": "http://i4.peapod.com/c/KK/KKNHZ.gif", "price": "769", "unit_price": "$2.56/ oz", "name": "Aquaphor Baby Healing Ointment Advanced Therapy", "cnid": "1423", "productId": "132235", "size": "3 oz sqz"},
{"thumb": "http://i4.peapod.com/c/KK/KKNHZ.gif", "price": "1599", "unit_price": "$1.14/ oz", "name": "Aquaphor Baby Ointment Advanced Healing", "cnid": "1423", "productId": "152562", "size": "14 oz jar"},
{"thumb": "http://i4.peapod.com/c/KK/KKNHZ.gif", "price": "579", "unit_price": "$.72/ oz", "name": "Aveeno Baby Bath Calming Comfort", "cnid": "1423", "productId": "129161", "size": "8 oz btl"},
{"thumb": "http://i4.peapod.com/c/KK/KKNHZ.gif", "price": "579", "unit_price": "$.72/ oz", "name": "Aveeno Baby Daily Moisture Lotion Fragrance Free", "cnid": "1423", "productId": "129128", "size": "8 oz sqz"},
{"thumb": "http://i4.peapod.com/c/KK/KKNHZ.gif", "price": "1099", "unit_price": "$2.75/ oz", "name": "Aveeno Baby Sunblock Lotion SPF 55", "cnid": "1423", "productId": "177387", "size": "4 oz sqz"},
{"thumb": "http://i4.peapod.com/c/KK/KKNHZ.gif", "price": "579", "unit_price": "$.72/ oz", "name": "Aveeno Baby Wash & Shampoo", "cnid": "1423", "productId": "129125", "size": "8 oz btl"},
{"thumb": "http://i4.peapod.com/c/KK/KKNHZ.gif", "price": "499", "unit_price": "$27.72/ oz", "name": "Baby Orajel Nighttime Formula Extra Strength", "cnid": "1423", "productId": "10965", "size": ".18 oz pkg"},
{"thumb": "http://i4.peapod.com/c/KK/KKNHZ.gif", "price": "525", "unit_price": "$1.31/ oz", "name": "Balmex Diaper Rash Ointment", "cnid": "1423", "productId": "10265", "size": "4 oz pkg"},
{"thumb": "http://i4.peapod.com/c/KK/KKNHZ.gif", "price": "1199", "unit_price": "$1.50/ oz", "name": "Banana Boat Baby Tear Free Sunblock Lotion SPF 50", "cnid": "1423", "productId": "140856", "size": "8 oz sqz"},
{"thumb": "http://i4.peapod.com/c/KK/KKNHZ.gif", "price": "1199", "unit_price": "$1.50/ oz", "name": "Banana Boat Kids Tear-Free Sunblock Lotion SPF 50", "cnid": "1423", "productId": "151456", "size": "8 oz sqz"},
{"thumb": "http://i4.peapod.com/c/KK/KKNHZ.gif", "price": "269", "unit_price": "$.08/ ea", "name": "Bayer Aspirin 81 mg Low Dose Orange Flavor Chewable Tablets", "cnid": "1423", "productId": "10438", "size": "36 ct btl"},
{"thumb": "http://i4.peapod.com/c/KK/KKNHZ.gif", "price": "699", "unit_price": "$.87/ oz", "name": "CareOne Baby Sunscreen Lotion SPF 50", "cnid": "1423", "productId": "162534", "size": "8 oz btl"},
{"thumb": "http://i4.peapod.com/c/KK/KKNHZ.gif", "price": "479", "unit_price": "$1.20/ oz", "name": "CareOne Children's Ibuprofen Oral Suspension Berry", "cnid": "1423", "productId": "136084", "size": "4 oz btl"},
{"thumb": "http://i4.peapod.com/c/KK/KKNHZ.gif", "price": "479", "unit_price": "$1.20/ oz", "name": "CareOne Children's Ibuprofen Oral Suspension Bubble Gum Flavor", "cnid": "1423", "productId": "160498", "size": "4 oz btl"},
{"thumb": "http://i4.peapod.com/c/KK/KKNHZ.gif", "price": "250", "unit_price": "$.62/ oz", "name": "CareOne Children's Pain Relief Suspension Liquid Grape Flavor", "cnid": "1423", "productId": "163932", "size": "4 oz btl"},
{"thumb": "http://i4.peapod.com/c/KK/KKNHZ.gif", "price": "249", "unit_price": "$.25/ oz", "name": "CareOne Hair Detangler Spray-On Formula Tear Free", "cnid": "1423", "productId": "151005", "size": "10 oz btl"},
{"thumb": "http://i4.peapod.com/c/KK/KKNHZ.gif", "price": "699", "unit_price": "$6.99/ oz", "name": "CareOne Infants' Ibuprofen Berry Dye-Free Oral Suspension", "cnid": "1423", "productId": "152181", "size": "1 oz btl"},
{"thumb": "http://i4.peapod.com/c/KK/KKNHZ.gif", "price": "699", "unit_price": "$1.16/ oz", "name": "CareOne Kids Continuous Spray Sunscreen SPF 50", "cnid": "1423", "productId": "176492", "size": "6 oz can"},
{"thumb": "http://i4.peapod.com/c/KK/KKNHZ.gif", "price": "209", "unit_price": "$1.04/ ea", "name": "CareOne Toothbrush Youth", "cnid": "1423", "productId": "149160", "size": "2 ct pkg"},
{"thumb": "http://i4.peapod.com/c/KK/KKNHZ.gif", "price": "999", "unit_price": "$1.00/ ea", "name": "Claritin Children's Allergy 12 Hour RediTabs Non Drowsy", "cnid": "1423", "productId": "160904", "size": "10 ct box"},
{"thumb": "http://i4.peapod.com/c/KK/KKNHZ.gif", "price": "1949", "unit_price": "$.98/ ea", "name": "Claritin Children's Allergy 24 Hour Grape Flavored Chewables Non Drowsy", "cnid": "1423", "productId": "152198", "size": "20 ct box"},
{"thumb": "http://i4.peapod.com/c/KK/KKNHZ.gif", "price": "1199", "unit_price": "$1.20/ ea", "name": "Claritin Children's Allergy 24 Hour Grape Flavored Chewables Non Drowsy", "cnid": "1423", "productId": "146053", "size": "10 ct box"},
{"thumb": "http://i4.peapod.com/c/KK/KKNHZ.gif", "price": "1199", "unit_price": "$1.20/ ea", "name": "Claritin Children's Allergy 24 Hour RediTabs Non Drowsy", "cnid": "1423", "productId": "145550", "size": "10 ct box"},
{"thumb": "http://i4.peapod.com/c/KK/KKNHZ.gif", "price": "1199", "unit_price": "$3.00/ oz", "name": "Claritin Children's Allergy 24 Hour Syrup Grape Flavored Non Drowsy", "cnid": "1423", "productId": "146052", "size": "4 oz btl"},
{"thumb": "http://i4.peapod.com/c/KK/KKNHZ.gif", "price": "359", "unit_price": "$.78/ oz", "name": "Colgate Kids 2 in 1 Toothpaste & Mouthwash Liquid Gel Watermelon Flavor", "cnid": "1423", "productId": "140331", "size": "4.6 oz pkg"},
{"thumb": "http://i4.peapod.com/c/KK/KKNHZ.gif", "price": "279", "unit_price": "$2.79/ ea", "name": "Colgate Kids My First Toothbrush Assorted Colors Ages 0-2", "cnid": "1423", "productId": "142369", "size": "1 ct pkg"},
{"thumb": "http://i4.peapod.com/c/KK/KKNHZ.gif", "price": "279", "unit_price": "$.61/ oz", "name": "Colgate Kids Toothpaste Dora the Explorer Mild Bubble Fruit", "cnid": "1423", "productId": "160137", "size": "4.6 oz pkg"},
{"thumb": "http://i4.peapod.com/c/KK/KKNHZ.gif", "price": "279", "unit_price": "$.61/ oz", "name": "Colgate Kids Toothpaste SpongeBob SquarePants Mild Bubble Fruit", "cnid": "1423", "productId": "160136", "size": "4.6 oz pkg"},
{"thumb": "http://i4.peapod.com/c/KK/KKNHZ.gif", "price": "999", "unit_price": "$1.25/ oz", "name": "Coppertone Water BABIES Pure & Simple Sunscreen Lotion UVA/UVB SPF 50", "cnid": "1423", "productId": "154764", "size": "8 oz btl"},
{"thumb": "http://i4.peapod.com/c/KK/KKNHZ.gif", "price": "1099", "unit_price": "$1.83/ oz", "name": "Coppertone Water BABIES Quick Cover Sunscreen Lotion Spray UVA/UVB SPF 50", "cnid": "1423", "productId": "144469", "size": "6 oz can"},
{"thumb": "http://i4.peapod.com/c/KK/KKNHZ.gif", "price": "999", "unit_price": "$1.66/ oz", "name": "Coppertone Wet 'n Clear Kids Sunscreen Continuous Spray UVA/UVB SPF 45+", "cnid": "1423", "productId": "186991", "size": "6 oz can"},
{"thumb": "http://i4.peapod.com/c/KK/KKNHZ.gif", "price": "350", "unit_price": "$.17/ oz", "name": "Cottontails Baby Oil Mild", "cnid": "1423", "productId": "58339", "size": "20 oz btl"},
{"thumb": "http://i4.peapod.com/c/KK/KKNHZ.gif", "price": "200", "unit_price": "$.13/ oz", "name": "Cottontails Baby Powder Pure Cornstarch with Aloe Vera & Vitamin E", "cnid": "1423", "productId": "58381", "size": "15 oz btl"},
{"thumb": "http://i4.peapod.com/c/KK/KKNHZ.gif", "price": "200", "unit_price": "$.13/ oz", "name": "Cottontails Baby Wash Mild", "cnid": "1423", "productId": "139351", "size": "15 oz btl"},
{"thumb": "http://i4.peapod.com/c/KK/KKNHZ.gif", "price": "269", "unit_price": "$.58/ oz", "name": "Crest Kid's Toothpaste Fluoride Anticavity Sparkle Fun", "cnid": "1423", "productId": "163960", "size": "4.6 oz pkg"},
{"thumb": "http://i4.peapod.com/c/KK/KKNHZ.gif", "price": "299", "unit_price": "$2.99/ ea", "name": "Crest Kids Toothbrush Sesame Street", "cnid": "1423", "productId": "139392", "size": "1 ct pkg"},
{"thumb": "http://i4.peapod.com/c/KK/KKNHZ.gif", "price": "899", "unit_price": "$3.00/ oz", "name": "Delsym Children's Cough Suppressant 12 Hour Relief Extended Release Orange", "cnid": "1423", "productId": "162559", "size": "3 oz btl"},
{"thumb": "http://i4.peapod.com/c/KK/KKNHZ.gif", "price": "629", "unit_price": "$1.57/ oz", "name": "Desitin Diaper Rash Cream Rapid Relief", "cnid": "1423", "productId": "39643", "size": "4 oz pkg"},
{"thumb": "http://i4.peapod.com/c/KK/KKNHZ.gif", "price": "629", "unit_price": "$1.57/ oz", "name": "Desitin Diaper Rash Paste Maximum Strength Original", "cnid": "1423", "productId": "9061", "size": "4 oz pkg"},
{"thumb": "http://i4.peapod.com/c/KK/KKNHZ.gif", "price": "599", "unit_price": "$1.50/ oz", "name": "Dimetapp Children's Cold & Allergy Elixir Alcohol Free Grape Flavor", "cnid": "1423", "productId": "125755", "size": "4 oz btl"},
{"thumb": "http://i4.peapod.com/c/KK/KKNHZ.gif", "price": "599", "unit_price": "$.10/ ea", "name": "Flintstones Children's Multivitamin & Mineral Gummies Assorted Flavors", "cnid": "1423", "productId": "39620", "size": "60 ct btl"},
{"thumb": "http://i4.peapod.com/c/KK/KKNHZ.gif", "price": "1499", "unit_price": "$.10/ ea", "name": "Flintstones Children's Multivitamin & Mineral Gummies Assorted Flavors", "cnid": "1423", "productId": "145841", "size": "150 ct btl"},
{"thumb": "http://i4.peapod.com/c/KK/KKNHZ.gif", "price": "599", "unit_price": "$.10/ ea", "name": "Flintstones Complete Multivitamin Chewable Tablets", "cnid": "1423", "productId": "11636", "size": "60 ct btl"},
{"thumb": "http://i4.peapod.com/c/KK/KKNHZ.gif", "price": "1499", "unit_price": "$.10/ ea", "name": "Flintstones Complete Multivitamin Chewable Tablets", "cnid": "1423", "productId": "131063", "size": "150 ct btl"},
{"thumb": "http://i4.peapod.com/c/KK/KKNHZ.gif", "price": "599", "unit_price": "$.12/ ea", "name": "Flintstones Gummies Children's Multivitamin with Calcium & Vitamin D", "cnid": "1423", "productId": "163968", "size": "50 ct btl"},
{"thumb": "http://i4.peapod.com/c/KK/KKNHZ.gif", "price": "599", "unit_price": "$.10/ ea", "name": "Flintstones Multivitamin Plus Iron Chewable Tablets", "cnid": "1423", "productId": "11632", "size": "60 ct btl"},
{"thumb": "http://i4.peapod.com/c/KK/KKNHZ.gif", "price": "659", "unit_price": "$1.65/ oz", "name": "Imodium A-D Anti-Diarrheal Liquid For Ages 6 Years & Up Mint Flavor", "cnid": "1423", "productId": "174908", "size": "4 oz btl"},
{"thumb": "http://i4.peapod.com/c/KK/KKNHZ.gif", "price": "499", "unit_price": "$.33/ oz", "name": "Johnson's Baby Bath Bedtime with Lavender & Chamomile", "cnid": "1423", "productId": "117383", "size": "15 oz btl"},
{"thumb": "http://i4.peapod.com/c/KK/KKNHZ.gif", "price": "399", "unit_price": "$.27/ oz", "name": "Johnson's Baby Lotion", "cnid": "1423", "productId": "75431", "size": "15 oz btl"},
{"thumb": "http://i4.peapod.com/c/KK/KKNHZ.gif", "price": "499", "unit_price": "$.25/ oz", "name": "Johnson's Baby Oil", "cnid": "1423", "productId": "101360", "size": "20 oz btl"},
{"thumb": "http://i4.peapod.com/c/KK/KKNHZ.gif", "price": "399", "unit_price": "$.28/ oz", "name": "Johnson's Baby Oil Aloe Vera & Vitamin E", "cnid": "1423", "productId": "75436", "size": "14 oz btl"},
{"thumb": "http://i4.peapod.com/c/KK/KKNHZ.gif", "price": "269", "unit_price": "$.30/ oz", "name": "Johnson's Baby Powder", "cnid": "1423", "productId": "28519", "size": "9 oz btl"},
{"thumb": "http://i4.peapod.com/c/KK/KKNHZ.gif", "price": "459", "unit_price": "$.21/ oz", "name": "Johnson's Baby Powder", "cnid": "1423", "productId": "28514", "size": "22 oz btl"},
{"thumb": "http://i4.peapod.com/c/KK/KKNHZ.gif", "price": "399", "unit_price": "$.27/ oz", "name": "Johnson's Baby Powder Pure Cornstarch Lavender & Chamomile", "cnid": "1423", "productId": "130591", "size": "15 oz btl"},
{"thumb": "http://i4.peapod.com/c/KK/KKNHZ.gif", "price": "459", "unit_price": "$.21/ oz", "name": "Johnson's Baby Powder Pure Cornstarch with Aloe Vera & Vitamin E", "cnid": "1423", "productId": "119488", "size": "22 oz btl"},
{"thumb": "http://i4.peapod.com/c/KK/KKNHZ.gif", "price": "429", "unit_price": "$.22/ oz", "name": "Johnson's Baby Shampoo Classic", "cnid": "1423", "productId": "28541", "size": "20 oz btl"},
{"thumb": "http://i4.peapod.com/c/KK/KKNHZ.gif", "price": "399", "unit_price": "$.27/ oz", "name": "Johnson's Baby Shampoo with Lavender", "cnid": "1423", "productId": "134588", "size": "15 oz btl"},
{"thumb": "http://i4.peapod.com/c/KK/KKNHZ.gif", "price": "399", "unit_price": "$.27/ oz", "name": "Johnson's Baby Wash Head-To-Toe Ultra Mild", "cnid": "1423", "productId": "80337", "size": "15 oz btl"},
{"thumb": "http://i4.peapod.com/c/KK/KKNHZ.gif", "price": "369", "unit_price": "$.50/ oz", "name": "Johnson's Kids Super Sudzer E-Z Grip Soap Berry Breeze - 3 pk", "cnid": "1423", "productId": "128673", "size": "7.35 oz pkg"},
{"thumb": "http://i4.peapod.com/c/KK/KKNHZ.gif", "price": "999", "unit_price": "$2.50/ oz", "name": "Mucinex Children's Cough Suppressant Cherry Flavor Liquid", "cnid": "1423", "productId": "148115", "size": "4 oz pkg"},
{"thumb": "http://i4.peapod.com/c/KK/KKNHZ.gif", "price": "899", "unit_price": "$.75/ ea", "name": "Mucinex Children's Cough Suppressant Orange Creme Flavor Mini-Melts", "cnid": "1423", "productId": "154126", "size": "12 ct box"},
{"thumb": "http://i4.peapod.com/c/KK/KKNHZ.gif", "price": "1299", "unit_price": "$5.20/ oz", "name": "Neutrogena Pure & Free Baby Faces Sunblock Ultra Gentle Waterproof SPF 50", "cnid": "1423", "productId": "186994", "size": "2.5 oz pkg"},
{"thumb": "http://i4.peapod.com/c/KK/KKNHZ.gif", "price": "259", "unit_price": "$2.59/ ea", "name": "Oral-B Stage 1 Kids Toothbrush Age 4-24 months", "cnid": "1423", "productId": "127860", "size": "1 ct pkg"},
{"thumb": "http://i4.peapod.com/c/KK/KKNHZ.gif", "price": "269", "unit_price": "$.64/ oz", "name": "Oral-B Stages 3 Toothpaste Ages 5-7 Years Disney Princess Pink Bubble Gum", "cnid": "1423", "productId": "150143", "size": "4.2 oz pkg"},
{"thumb": "http://i4.peapod.com/c/KK/KKNHZ.gif", "price": "549", "unit_price": "$.16/ oz", "name": "Pedialyte Fruit Flavor Oral Electrolyte Maintenance Solution", "cnid": "1423", "productId": "7893", "size": "1 ltr btl"},
{"thumb": "http://i4.peapod.com/c/KK/KKNHZ.gif", "price": "549", "unit_price": "$.16/ oz", "name": "Pedialyte Grape Oral Electrolyte Maintenance Solution", "cnid": "1423", "productId": "49124", "size": "1 ltr btl"},
{"thumb": "http://i4.peapod.com/c/KK/KKNHZ.gif", "price": "549", "unit_price": "$.16/ oz", "name": "Pedialyte Unflavored Oral Electrolyte Maintenance Solution", "cnid": "1423", "productId": "7892", "size": "1 ltr btl"},
{"thumb": "http://i4.peapod.com/c/KK/KKNHZ.gif", "price": "299", "unit_price": "$.19/ oz", "name": "Sesame Street Bubble Bath Green Watermelon", "cnid": "1423", "productId": "139353", "size": "16 oz btl"},
{"thumb": "http://i4.peapod.com/c/KK/KKNHZ.gif", "price": "379", "unit_price": "$.90/ oz", "name": "Tom's of Maine Children's Fluoride Toothpaste Silly Strawberry Natural", "cnid": "1423", "productId": "130545", "size": "4.2 oz pkg"},
{"thumb": "http://i4.peapod.com/c/KK/KKNHZ.gif", "price": "1899", "unit_price": "$2.37/ oz", "name": "Triple Paste Medicated Ointment for Diaper Rash", "cnid": "1423", "productId": "162981", "size": "8 oz pkg"},
{"thumb": "http://i4.peapod.com/c/KK/KKNHZ.gif", "price": "999", "unit_price": "$.08/ ea", "name": "Bags on Board Waste Pick-Up Bags Refill 8 Rolls", "cnid": "2071", "productId": "161417", "size": "120 ct pkg"},
{"thumb": "http://i4.peapod.com/c/KK/KKNHZ.gif", "price": "799", "unit_price": "$7.99/ ea", "name": "Booda Dogzilla Dog Toy Dumbell Large", "cnid": "2071", "productId": "161628", "size": "1 ct pkg"},
{"thumb": "http://i4.peapod.com/c/KK/KKNHZ.gif", "price": "459", "unit_price": "$4.59/ ea", "name": "Companion Essentials Brush Slicker for Puppies & Toy Breeds", "cnid": "2071", "productId": "161418", "size": "1 ct pkg"},
{"thumb": "http://i4.peapod.com/c/KK/KKNHZ.gif", "price": "499", "unit_price": "$4.99/ ea", "name": "Companion Essentials Cat Brush", "cnid": "2071", "productId": "161381", "size": "1 ct pkg"},
{"thumb": "http://i4.peapod.com/c/KK/KKNHZ.gif", "price": "599", "unit_price": "$5.99/ ea", "name": "Companion Essentials Cat Claw Clippers", "cnid": "2071", "productId": "161383", "size": "1 ct pkg"},
{"thumb": "http://i4.peapod.com/c/KK/KKNHZ.gif", "price": "319", "unit_price": "$3.19/ oz", "name": "Companion Essentials Catnip Organic", "cnid": "2071", "productId": "161406", "size": "1 oz pkg"},
{"thumb": "http://i4.peapod.com/c/KK/KKNHZ.gif", "price": "399", "unit_price": "$3.99/ ea", "name": "Companion Essentials Cat Safety Collar w/Bell Adjustable Reflective Black", "cnid": "2071", "productId": "161414", "size": "1 ct pkg"},
{"thumb": "http://i4.peapod.com/c/KK/KKNHZ.gif", "price": "399", "unit_price": "$3.99/ ea", "name": "Companion Essentials Cat Safety Collar with Bell Adjustable Blue", "cnid": "2071", "productId": "161413", "size": "1 ct pkg"},
{"thumb": "http://i4.peapod.com/c/KK/KKNHZ.gif", "price": "399", "unit_price": "$3.99/ ea", "name": "Companion Essentials Cat Safety Collar with Bell Adjustable Pink", "cnid": "2071", "productId": "161379", "size": "1 ct pkg"},
{"thumb": "http://i4.peapod.com/c/KK/KKNHZ.gif", "price": "399", "unit_price": "$3.99/ ea", "name": "Companion Essentials Cat Safety Collar with Bell Adjustable Zebra Striped", "cnid": "2071", "productId": "161415", "size": "1 ct pkg"},
{"thumb": "http://i4.peapod.com/c/KK/KKNHZ.gif", "price": "159", "unit_price": "$.16/ ea", "name": "Companion Essentials Cat Toy Colorful Springs", "cnid": "2071", "productId": "161395", "size": "10 ct pkg"},
{"thumb": "http://i4.peapod.com/c/KK/KKNHZ.gif", "price": "159", "unit_price": "$1.59/ ea", "name": "Companion Essentials Cat Toy Interactive Plush", "cnid": "2071", "productId": "161392", "size": "1 ct pkg"},
{"thumb": "http://i4.peapod.com/c/KK/KKNHZ.gif", "price": "319", "unit_price": "$3.19/ ea", "name": "Companion Essentials Cat Toy Look Who's Talking", "cnid": "2071", "productId": "161404", "size": "1 ct pkg"},
{"thumb": "http://i4.peapod.com/c/KK/KKNHZ.gif", "price": "159", "unit_price": "$.53/ ea", "name": "Companion Essentials Cat Toy Mice Assorted", "cnid": "2071", "productId": "161396", "size": "3 ct pkg"},
{"thumb": "http://i4.peapod.com/c/KK/KKNHZ.gif", "price": "239", "unit_price": "$.60/ ea", "name": "Companion Essentials Cat Toy Mice Multicolored with Catnip", "cnid": "2071", "productId": "161403", "size": "4 ct pkg"},
{"thumb": "http://i4.peapod.com/c/KK/KKNHZ.gif", "price": "319", "unit_price": "$3.19/ ea", "name": "Companion Essentials Cat Toy Mouse Duo", "cnid": "2071", "productId": "161407", "size": "1 ct pkg"},
{"thumb": "http://i4.peapod.com/c/KK/KKNHZ.gif", "price": "239", "unit_price": "$2.39/ ea", "name": "Companion Essentials Cat Toy Nobbly Wobbly", "cnid": "2071", "productId": "161401", "size": "1 ct pkg"},
{"thumb": "http://i4.peapod.com/c/KK/KKNHZ.gif", "price": "159", "unit_price": "$1.59/ ea", "name": "Companion Essentials Cat Toy Plush with Catnip", "cnid": "2071", "productId": "161391", "size": "1 ct pkg"},
{"thumb": "http://i4.peapod.com/c/KK/KKNHZ.gif", "price": "159", "unit_price": "$1.59/ ea", "name": "Companion Essentials Cat Toy Sea Creature", "cnid": "2071", "productId": "161393", "size": "1 ct pkg"},
{"thumb": "http://i4.peapod.com/c/KK/KKNHZ.gif", "price": "399", "unit_price": "$3.99/ ea", "name": "Companion Essentials Dog Collar Adjustable Large Red", "cnid": "2071", "productId": "161420", "size": "1 ct pkg"},
{"thumb": "http://i4.peapod.com/c/KK/KKNHZ.gif", "price": "299", "unit_price": "$2.99/ ea", "name": "Companion Essentials Dog Collar Adjustable Medium Black", "cnid": "2071", "productId": "161421", "size": "1 ct pkg"},
{"thumb": "http://i4.peapod.com/c/KK/KKNHZ.gif", "price": "399", "unit_price": "$3.99/ ea", "name": "Companion Essentials Dog Collar Adjustable Small PInk", "cnid": "2071", "productId": "161422", "size": "1 ct pkg"},
{"thumb": "http://i4.peapod.com/c/KK/KKNHZ.gif", "price": "399", "unit_price": "$3.99/ ea", "name": "Companion Essentials Dog Leash Medium Black 4 Feet Long", "cnid": "2071", "productId": "161423", "size": "1 ct pkg"},
{"thumb": "http://i4.peapod.com/c/KK/KKNHZ.gif", "price": "399", "unit_price": "$3.99/ ea", "name": "Companion Essentials Dog Leash Medium Blue 4 Feet Long", "cnid": "2071", "productId": "161424", "size": "1 ct pkg"},
{"thumb": "http://i4.peapod.com/c/KK/KKNHZ.gif", "price": "399", "unit_price": "$3.99/ ea", "name": "Companion Essentials Dog Leash Medium Red 4 Feet Long", "cnid": "2071", "productId": "161425", "size": "1 ct pkg"},
{"thumb": "http://i4.peapod.com/c/KK/KKNHZ.gif", "price": "2199", "unit_price": "$21.99/ ea", "name": "Companion Essentials Dog Leash Retractable Medium Red Up To 16 Feet", "cnid": "2071", "productId": "161416", "size": "1 ct pkg"},
{"thumb": "http://i4.peapod.com/c/KK/KKNHZ.gif", "price": "639", "unit_price": "$6.39/ ea", "name": "Companion Essentials Dog Toy Plush Canadian Goose with Squeaker", "cnid": "2071", "productId": "161557", "size": "1 ct pkg"},
{"thumb": "http://i4.peapod.com/c/KK/KKNHZ.gif", "price": "559", "unit_price": "$5.59/ ea", "name": "Companion Essentials Dog Toy Rope & Plush with Squeaker", "cnid": "2071", "productId": "161553", "size": "1 ct pkg"},
{"thumb": "http://i4.peapod.com/c/KK/KKNHZ.gif", "price": "479", "unit_price": "$4.79/ ea", "name": "Companion Essentials Dog Toy Squirrel with Squeaker", "cnid": "2071", "productId": "161548", "size": "1 ct pkg"},
{"thumb": "http://i4.peapod.com/c/KK/KKNHZ.gif", "price": "639", "unit_price": "$6.39/ ea", "name": "Companion Essentials Dog Toy Wacky Animals", "cnid": "2071", "productId": "161556", "size": "1 ct pkg"},
{"thumb": "http://i4.peapod.com/c/KK/KKNHZ.gif", "price": "499", "unit_price": "$.08/ ea", "name": "Companion Essentials Dog Waste Bag Dispenser Refills 4 rolls - 15 ct ea", "cnid": "2071", "productId": "158811", "size": "60 ct pkg"},
{"thumb": "http://i4.peapod.com/c/KK/KKNHZ.gif", "price": "299", "unit_price": "$2.99/ ea", "name": "Companion Essentials Kitten Safety Collar Adjustable Light Blue", "cnid": "2071", "productId": "161412", "size": "1 ct pkg"},
{"thumb": "http://i4.peapod.com/c/KK/KKNHZ.gif", "price": "299", "unit_price": "$2.99/ ea", "name": "Companion Essentials Kitten Safety Collar Adjustable Reflective Multicolor", "cnid": "2071", "productId": "161411", "size": "1 ct pkg"},
{"thumb": "http://i4.peapod.com/c/KK/KKNHZ.gif", "price": "399", "unit_price": "$3.99/ ea", "name": "Companion Essentials Nail Trimmer for Puppies & Toy Breeds", "cnid": "2071", "productId": "161427", "size": "1 ct pkg"},
{"thumb": "http://i4.peapod.com/c/KK/KKNHZ.gif", "price": "319", "unit_price": "$3.19/ ea", "name": "Companion Essentials Pet Bowl (Colors May Vary)", "cnid": "2071", "productId": "161562", "size": "1 ea"},
{"thumb": "http://i4.peapod.com/c/KK/KKNHZ.gif", "price": "499", "unit_price": "$4.99/ ea", "name": "Companion Essentials Pet Combo Brush", "cnid": "2071", "productId": "161636", "size": "1 ct pkg"},
{"thumb": "http://i4.peapod.com/c/KK/KKNHZ.gif", "price": "149", "unit_price": "$.50/ ea", "name": "Companion Essentials Pet Food Can Covers Assorted Colors", "cnid": "2071", "productId": "161372", "size": "3 ct pkg"},
{"thumb": "http://i4.peapod.com/c/KK/KKNHZ.gif", "price": "799", "unit_price": "$.25/ oz", "name": "Companion Essentials Pet Stain & Odor Remover Trigger Spray", "cnid": "2071", "productId": "161440", "size": "32 oz btl"},
{"thumb": "http://i4.peapod.com/c/KK/KKNHZ.gif", "price": "479", "unit_price": "$4.79/ ea", "name": "Companion Essentials Plush Dog Toy 10 Inch", "cnid": "2071", "productId": "161638", "size": "1 ct pkg"},
{"thumb": "http://i4.peapod.com/c/KK/KKNHZ.gif", "price": "239", "unit_price": "$2.39/ oz", "name": "Companion Essentials Premium Catnip", "cnid": "2071", "productId": "161397", "size": "1 oz bag"},
{"thumb": "http://i4.peapod.com/c/KK/KKNHZ.gif", "price": "159", "unit_price": "$3.18/ oz", "name": "Companion Essentials Premium Catnip", "cnid": "2071", "productId": "161390", "size": "0.5 oz bag"},
{"thumb": "http://i4.peapod.com/c/KK/KKNHZ.gif", "price": "399", "unit_price": "$3.99/ ea", "name": "Companion Essentials Small Dog & Puppy Toy Rubber", "cnid": "2071", "productId": "161541", "size": "1 ct pkg"},
{"thumb": "http://i4.peapod.com/c/KK/KKNHZ.gif", "price": "239", "unit_price": "$2.39/ ea", "name": "Companion Essentials Vinyl Ball 3 Inch", "cnid": "2071", "productId": "148671", "size": "1 ea"},
{"thumb": "http://i4.peapod.com/c/KK/KKNHZ.gif", "price": "799", "unit_price": "$7.99/ ea", "name": "Companion Essentials Wire Brush & Shedding Blade Small", "cnid": "2071", "productId": "161419", "size": "1 ct pkg"},
{"thumb": "http://i4.peapod.com/c/KK/KKNHZ.gif", "price": "699", "unit_price": "$.93/ oz", "name": "Hartz Foaming Shampoo Hypoallergenic for Cats & Dogs", "cnid": "2071", "productId": "161437", "size": "7.5 oz btl"},
{"thumb": "http://i4.peapod.com/c/KK/KKNHZ.gif", "price": "1549", "unit_price": "$.31/ ea", "name": "Hartz Training Pads Maximum Protection", "cnid": "2071", "productId": "178579", "size": "50 ct pkg"},
{"thumb": "http://i4.peapod.com/c/KK/KKNHZ.gif", "price": "499", "unit_price": "$4.99/ ea", "name": "Hartz UltraGuard Flea & Tick Collar for Cats & Kittens Reflecting White", "cnid": "2071", "productId": "161387", "size": "1 ct pkg"},
{"thumb": "http://i4.peapod.com/c/KK/KKNHZ.gif", "price": "799", "unit_price": "$7.99/ ea", "name": "Hartz UltraGuard Plus Flea & Tick Collar for Cats & Kittens White Fresh", "cnid": "2071", "productId": "59707", "size": "1 ct pkg"},
{"thumb": "http://i4.peapod.com/c/KK/KKNHZ.gif", "price": "1299", "unit_price": "$4.33/ ea", "name": "Hartz UltraGuard Plus Flea & Tick Drops for Cats", "cnid": "2071", "productId": "161389", "size": "3 ct pkg"},
{"thumb": "http://i4.peapod.com/c/KK/KKNHZ.gif", "price": "1299", "unit_price": "$4.33/ ea", "name": "Hartz UltraGuard Plus Flea & Tick Drops for Dogs & Puppies 60+ lbs", "cnid": "2071", "productId": "161536", "size": "3 ct pkg"},
{"thumb": "http://i4.peapod.com/c/KK/KKNHZ.gif", "price": "799", "unit_price": "$3.99/ ea", "name": "Hartz UltraGuard Plus Rid Worm Dewormer for Large Dogs Chewable Tablets", "cnid": "2071", "productId": "161439", "size": "2 ct pkg"},
{"thumb": "http://i4.peapod.com/c/KK/KKNHZ.gif", "price": "1999", "unit_price": "$6.66/ ea", "name": "Hartz UltraGuard Pro Flea & Tick Drops for Dogs & Puppies 31-60 lbs", "cnid": "2071", "productId": "161537", "size": "3 ct pkg"},
{"thumb": "http://i4.peapod.com/c/KK/KKNHZ.gif", "price": "499", "unit_price": "$.28/ oz", "name": "Hartz UltraGuard Rid Flea & Tick Shampoo for Dogs Fresh Citrus Fragrance", "cnid": "2071", "productId": "161535", "size": "18 oz btl"},
{"thumb": "http://i4.peapod.com/c/KK/KKNHZ.gif", "price": "799", "unit_price": "$2.66/ oz", "name": "Nutri-Vet Paw-Gel for Cats Hairball Salmon Flavor", "cnid": "2071", "productId": "161601", "size": "3 oz sqz"},
{"thumb": "http://i4.peapod.com/c/KK/KKNHZ.gif", "price": "499", "unit_price": "$4.99/ ea", "name": "Omega Paw Scratch Thin Ripple Board", "cnid": "2071", "productId": "161605", "size": "1 ct pkg"},
{"thumb": "http://i4.peapod.com/c/KK/KKNHZ.gif", "price": "699", "unit_price": "$.22/ oz", "name": "Pet Select Pee-Pee Super Stain & Odor Remover", "cnid": "2071", "productId": "161438", "size": "32 oz btl"},
{"thumb": "http://i4.peapod.com/c/KK/KKNHZ.gif", "price": "1299", "unit_price": "$12.99/ ea", "name": "Pet Select Pooper Scooper for Grass 2-Piece Spring Action", "cnid": "2071", "productId": "161610", "size": "1 ct pkg"},
{"thumb": "http://i4.peapod.com/c/KK/KKNHZ.gif", "price": "1599", "unit_price": "$15.99/ ea", "name": "Pet Select Super Catnip Sisal & Carpet Cat Scratcher 21 Inch", "cnid": "2071", "productId": "161598", "size": "1 ct pkg"},
{"thumb": "http://i4.peapod.com/c/KK/KKNHZ.gif", "price": "1399", "unit_price": "$.23/ ea", "name": "Sergeant's Vetscription Joint-Eze Plus for Dogs Beef Flavored Chewables", "cnid": "2071", "productId": "161432", "size": "60 ct btl"},
{"thumb": "http://i4.peapod.com/c/KK/KKNHZ.gif", "price": "441", "unit_price": "$4.41/ oz", "name": "SmartyKat Catnip 100% Certified Organic", "cnid": "2071", "productId": "148493", "size": "1 oz pkg"},
{"thumb": "http://i4.peapod.com/c/KK/KKNHZ.gif", "price": "532", "unit_price": "$5.32/ ea", "name": "SmartyKat Cat Toy Chickadee Chirp Electronic Bird-Sound Toy", "cnid": "2071", "productId": "161410", "size": "1 ct pkg"},
{"thumb": "http://i4.peapod.com/c/KK/KKNHZ.gif", "price": "411", "unit_price": "$4.11/ ea", "name": "SmartyKat Cat Toy Flicker Ball Light Toy", "cnid": "2071", "productId": "161409", "size": "1 ct pkg"},
{"thumb": "http://i4.peapod.com/c/KK/KKNHZ.gif", "price": "299", "unit_price": "$2.99/ ea", "name": "SmartyKat Cat Toy Interactive Bouncy Mouse", "cnid": "2071", "productId": "161399", "size": "1 ct pkg"},
{"thumb": "http://i4.peapod.com/c/KK/KKNHZ.gif", "price": "2999", "unit_price": "$29.99/ ea", "name": "Spot Posture Pro Double Diner Adjustable Oak 1 Quart", "cnid": "2071", "productId": "161616", "size": "1 ct pkg"},
{"thumb": "http://i4.peapod.com/c/KK/KKNHZ.gif", "price": "1499", "unit_price": "$14.99/ ea", "name": "StarMark Everlasting Beanie Ball Medium Orange", "cnid": "2071", "productId": "161634", "size": "1 ct pkg"},
{"thumb": "http://i4.peapod.com/c/KK/KKNHZ.gif", "price": "499", "unit_price": "$.17/ ea", "name": "Vet's Best Comfort Calm for Dogs of All Sizes Chewable Tablets 10+ Months", "cnid": "2071", "productId": "161433", "size": "30 ct btl"},
{"thumb": "http://i4.peapod.com/c/KK/KKNHZ.gif", "price": "499", "unit_price": "$4.99/ ea", "name": "Companion Essentials Pine Bedding Natural", "cnid": "2087", "productId": "161570", "size": "1 ct pkg"},
{"thumb": "http://i4.peapod.com/c/KK/KKNHZ.gif", "price": "899", "unit_price": "$.03/ oz", "name": "Companion Wild Bird Food Basic Blend", "cnid": "2087", "productId": "158878", "size": "20 lb bag"},
{"thumb": "http://i4.peapod.com/c/KK/KKNHZ.gif", "price": "1199", "unit_price": "$.08/ oz", "name": "Companion Wild Bird Food Black Oil Sunflower Seeds", "cnid": "2087", "productId": "65882", "size": "10 lb bag"},
{"thumb": "http://i4.peapod.com/c/KK/KKNHZ.gif", "price": "249", "unit_price": "$.04/ oz", "name": "Companion Wild Bird Food Cracked Corn", "cnid": "2087", "productId": "65888", "size": "4 lb bag"},
{"thumb": "http://i4.peapod.com/c/KK/KKNHZ.gif", "price": "399", "unit_price": "$.12/ oz", "name": "Companion Wild Bird Food Thistle Seeds", "cnid": "2087", "productId": "190397", "size": "2 lb bag"},
{"thumb": "http://i4.peapod.com/c/KK/KKNHZ.gif", "price": "199", "unit_price": "$2.65/ oz", "name": "Hartz Advanced Care Cuttlebone with Holder", "cnid": "2087", "productId": "161359", "size": "0.75 oz pkg"},
{"thumb": "http://i4.peapod.com/c/KK/KKNHZ.gif", "price": "299", "unit_price": "$2.99/ doz", "name": "Hartz At Play Sisal & Rope Bird Toy for Smaller Birds", "cnid": "2087", "productId": "161357", "size": "1 ct pkg"},
{"thumb": "http://i4.peapod.com/c/KK/KKNHZ.gif", "price": "999", "unit_price": "$.16/ oz", "name": "Hartz Bonanza Cockatiel Diet", "cnid": "2087", "productId": "161368", "size": "4 lb bag"},
{"thumb": "http://i4.peapod.com/c/KK/KKNHZ.gif", "price": "499", "unit_price": "$.21/ oz", "name": "Hartz Bonanza Cockatiel Gourmet Diet", "cnid": "2087", "productId": "117396", "size": "24 oz jug"},
{"thumb": "http://i4.peapod.com/c/KK/KKNHZ.gif", "price": "799", "unit_price": "$.12/ oz", "name": "Hartz Bonanza Gourmet Diet Guinea Pig Food", "cnid": "2087", "productId": "161566", "size": "4 lb bag"},
{"thumb": "http://i4.peapod.com/c/KK/KKNHZ.gif", "price": "799", "unit_price": "$.12/ oz", "name": "Hartz Bonanza Gourmet Diet Rabbit Food", "cnid": "2087", "productId": "118041", "size": "4 lb bag"},
{"thumb": "http://i4.peapod.com/c/KK/KKNHZ.gif", "price": "799", "unit_price": "$.12/ oz", "name": "Hartz Bonanza Parakeet Diet", "cnid": "2087", "productId": "127103", "size": "4 lb bag"},
{"thumb": "http://i4.peapod.com/c/KK/KKNHZ.gif", "price": "499", "unit_price": "$.21/ oz", "name": "Hartz Bonanza Parakeet Gourmet Diet", "cnid": "2087", "productId": "64894", "size": "24 oz btl"},
{"thumb": "http://i4.peapod.com/c/KK/KKNHZ.gif", "price": "499", "unit_price": "$.28/ oz", "name": "Hartz Bonanza Parrot Diet Complete Nutrition", "cnid": "2087", "productId": "161364", "size": "18 oz btl"},
{"thumb": "http://i4.peapod.com/c/KK/KKNHZ.gif", "price": "99", "unit_price": "$.08/ ea", "name": "Hartz Nutrition Nibble Sticks for Gerbils & Hamsters", "cnid": "2087", "productId": "161569", "size": "12 ct pkg"},
{"thumb": "http://i4.peapod.com/c/KK/KKNHZ.gif", "price": "399", "unit_price": "$1.00/ oz", "name": "Hartz Trail Mix for Small Animals with Raisins, Dates & Nuts", "cnid": "2087", "productId": "161564", "size": "4 oz pkg"},
{"thumb": "http://i4.peapod.com/c/KK/KKNHZ.gif", "price": "549", "unit_price": "$5.49/ ea", "name": "Healthy Pet Pet Bedding Odor Control 14 Liters", "cnid": "2087", "productId": "161571", "size": "1 ct pkg"},
{"thumb": "http://i4.peapod.com/c/KK/KKNHZ.gif", "price": "1049", "unit_price": "$10.49/ ea", "name": "Healthy Pet Pet Bedding Odor Control 30 Liters", "cnid": "2087", "productId": "161573", "size": "1 ct pkg"},
{"thumb": "http://i4.peapod.com/c/KK/KKNHZ.gif", "price": "649", "unit_price": "$6.49/ ea", "name": "Healthy Pet Ultra Pet Bedding Odor Control 10 Liters", "cnid": "2087", "productId": "161572", "size": "1 ct pkg"},
{"thumb": "http://i4.peapod.com/c/KK/KKNHZ.gif", "price": "299", "unit_price": "$.20/ oz", "name": "Kaytee Alfalfa Cubes High Fiber Treat for Small Animals Natural", "cnid": "2087", "productId": "161361", "size": "15 oz bag"},
{"thumb": "http://i4.peapod.com/c/KK/KKNHZ.gif", "price": "949", "unit_price": "$.09/ oz", "name": "Kaytee Cardinal Blend Wild Bird Food", "cnid": "2087", "productId": "161652", "size": "7 lb bag"},
{"thumb": "http://i4.peapod.com/c/KK/KKNHZ.gif", "price": "1099", "unit_price": "$10.99/ ea", "name": "Kaytee Finch Feeder Station", "cnid": "2087", "productId": "161615", "size": "1 ct pkg"},
{"thumb": "http://i4.peapod.com/c/KK/KKNHZ.gif", "price": "499", "unit_price": "$.16/ oz", "name": "Kaytee Forti-Diet Canary Food", "cnid": "2087", "productId": "161367", "size": "2 lb bag"},
{"thumb": "http://i4.peapod.com/c/KK/KKNHZ.gif", "price": "949", "unit_price": "$.12/ oz", "name": "Kaytee Forti-Diet Cockatiel Food", "cnid": "2087", "productId": "161369", "size": "5 lb bag"},
{"thumb": "http://i4.peapod.com/c/KK/KKNHZ.gif", "price": "379", "unit_price": "$.08/ oz", "name": "Kaytee Forti-Diet Gerbil & Hamster Food", "cnid": "2087", "productId": "161563", "size": "3 lb bag"},
{"thumb": "http://i4.peapod.com/c/KK/KKNHZ.gif", "price": "399", "unit_price": "$.06/ oz", "name": "Kaytee Forti-Diet Guinea Pig Food", "cnid": "2087", "productId": "161565", "size": "4 lb bag"},
{"thumb": "http://i4.peapod.com/c/KK/KKNHZ.gif", "price": "1049", "unit_price": "$.13/ oz", "name": "Kaytee Forti-Diet Parrot Food", "cnid": "2087", "productId": "161370", "size": "5 lb bag"},
{"thumb": "http://i4.peapod.com/c/KK/KKNHZ.gif", "price": "999", "unit_price": "$.06/ oz", "name": "Kaytee Forti-Diet Rabbit Food", "cnid": "2087", "productId": "161567", "size": "10 lb bag"},
{"thumb": "http://i4.peapod.com/c/KK/KKNHZ.gif", "price": "269", "unit_price": "$.45/ ea", "name": "Kaytee Natural Spray Millet", "cnid": "2087", "productId": "161360", "size": "6 ct pkg"},
{"thumb": "http://i4.peapod.com/c/KK/KKNHZ.gif", "price": "399", "unit_price": "$.33/ ea", "name": "Kaytee Natural Spray Millet", "cnid": "2087", "productId": "161362", "size": "12 ct pkg"},
{"thumb": "http://i4.peapod.com/c/KK/KKNHZ.gif", "price": "1399", "unit_price": "$.09/ oz", "name": "Kaytee Premium Wild Bird Food Songbird Blend", "cnid": "2087", "productId": "161651", "size": "10 lb bag"},
{"thumb": "http://i4.peapod.com/c/KK/KKNHZ.gif", "price": "499", "unit_price": "$.21/ oz", "name": "Kaytee Timothy Hay for Small Animals Natural", "cnid": "2087", "productId": "139072", "size": "24 oz bag"},
{"thumb": "http://i4.peapod.com/c/KK/KKNHZ.gif", "price": "449", "unit_price": "$.06/ oz", "name": "Kaytee Wild Bird Food Basic Blend", "cnid": "2087", "productId": "180741", "size": "5 lb bag"},
{"thumb": "http://i4.peapod.com/c/KK/KKNHZ.gif", "price": "1049", "unit_price": "$.13/ oz", "name": "Kaytee Wild Bird Food Nut & Fruit Blend", "cnid": "2087", "productId": "161653", "size": "5 lb bag"},
{"thumb": "http://i4.peapod.com/c/KK/KKNHZ.gif", "price": "1099", "unit_price": "$1.56/ oz", "name": "TetraFin Goldfish Flakes", "cnid": "2087", "productId": "161349", "size": "7.06 oz can"},
{"thumb": "http://i4.peapod.com/c/KK/KKNHZ.gif", "price": "199", "unit_price": "$1.99/ oz", "name": "TetraFin Goldfish Flakes", "cnid": "2087", "productId": "161346", "size": "1 oz can"},
{"thumb": "http://i4.peapod.com/c/KK/KKNHZ.gif", "price": "300", "unit_price": "$3.00/ oz", "name": "TetraMin Tropical Flakes", "cnid": "2087", "productId": "161347", "size": "1 oz can"},
{"thumb": "http://i4.peapod.com/c/KK/KKNHZ.gif", "price": "649", "unit_price": "$2.95/ oz", "name": "TetraMin Tropical Flakes", "cnid": "2087", "productId": "158595", "size": "2.2 oz can"},
{"thumb": "http://i4.peapod.com/c/KK/KKNHZ.gif", "price": "1499", "unit_price": "$2.12/ oz", "name": "TetraMin Tropical Flakes", "cnid": "2087", "productId": "161355", "size": "7.06 oz can"},
{"thumb": "http://i4.peapod.com/c/KK/KKNHZ.gif", "price": "799", "unit_price": "$2.83/ oz", "name": "TetraMin Tropical Flakes Large", "cnid": "2087", "productId": "79477", "size": "2.82 oz can"},
{"thumb": "http://i4.peapod.com/c/KK/KKNHZ.gif", "price": "499", "unit_price": "$1.41/ oz", "name": "TetraPond Pond Sticks Nutrition for Goldfish & Koi", "cnid": "2087", "productId": "64846", "size": "3.53 oz can"},
{"thumb": "http://i4.peapod.com/c/KK/KKNHZ.gif", "price": "79", "unit_price": "$.06/ oz", "name": "Alpo Chop House Originals Wet Dog Food Filet Mignon Flavor", "cnid": "2067", "productId": "153150", "size": "13.2 oz can"},
{"thumb": "http://i4.peapod.com/c/KK/KKNHZ.gif", "price": "79", "unit_price": "$.06/ oz", "name": "Alpo Chop House Originals Wet Dog Food Roasted Chicken Flavor", "cnid": "2067", "productId": "159803", "size": "13.2 oz can"},
{"thumb": "http://i4.peapod.com/c/KK/KKNHZ.gif", "price": "79", "unit_price": "$.06/ oz", "name": "Alpo Prime Cuts Wet Dog Food Homestyle Stew w/ Beef & Vegetables in Gravy", "cnid": "2067", "productId": "16271", "size": "13.2 oz can"},
{"thumb": "http://i4.peapod.com/c/KK/KKNHZ.gif", "price": "79", "unit_price": "$.06/ oz", "name": "Alpo Prime Cuts Wet Dog Food London Grill in Gravy", "cnid": "2067", "productId": "29682", "size": "13.2 oz can"},
{"thumb": "http://i4.peapod.com/c/KK/KKNHZ.gif", "price": "79", "unit_price": "$.06/ oz", "name": "Alpo Prime Cuts Wet Dog Food with Turkey in Gravy", "cnid": "2067", "productId": "146012", "size": "13.2 oz can"},
{"thumb": "http://i4.peapod.com/c/KK/KKNHZ.gif", "price": "219", "unit_price": "$.14/ oz", "name": "Alpo Variety Snaps Dog Treats Beef, Chicken, Liver & Lamb Flavors", "cnid": "2067", "productId": "158331", "size": "16 oz pkg"},
{"thumb": "http://i4.peapod.com/c/KK/KKNHZ.gif", "price": "599", "unit_price": "$1.50/ oz", "name": "Beefeaters Dog Treats Chicken Wraps", "cnid": "2067", "productId": "161618", "size": "4 oz pkg"},
{"thumb": "http://i4.peapod.com/c/KK/KKNHZ.gif", "price": "274", "unit_price": "$.27/ oz", "name": "Blue Dog Bakery Doggie Paws Small Dog Treats All Natural", "cnid": "2067", "productId": "184314", "size": "10 oz box"},
{"thumb": "http://i4.peapod.com/c/KK/KKNHZ.gif", "price": "399", "unit_price": "$.20/ oz", "name": "Blue Dog Bakery Dog Treats Assorted Flavors Low Fat All Natural", "cnid": "2067", "productId": "187086", "size": "20 oz box"},
{"thumb": "http://i4.peapod.com/c/KK/KKNHZ.gif", "price": "879", "unit_price": "$.21/ oz", "name": "Cesar Canine Cuisine Gourmet Filets Wet Dog Food NY Strip & Mignon - 12 pk", "cnid": "2067", "productId": "164915", "size": "42 oz pkg"},
{"thumb": "http://i4.peapod.com/c/KK/KKNHZ.gif", "price": "75", "unit_price": "$.21/ oz", "name": "Cesar Canine Cuisine Original Pate Wet Dog Food Filet Mignon", "cnid": "2067", "productId": "130101", "size": "3.5 oz pkg"},
{"thumb": "http://i4.peapod.com/c/KK/KKNHZ.gif", "price": "75", "unit_price": "$.21/ oz", "name": "Cesar Canine Cuisine Original Pate Wet Dog Food with Turkey", "cnid": "2067", "productId": "30820", "size": "3.5 oz pkg"},
{"thumb": "http://i4.peapod.com/c/KK/KKNHZ.gif", "price": "75", "unit_price": "$.21/ oz", "name": "Cesar Canine Cuisine Wet Dog Food Grilled Chicken", "cnid": "2067", "productId": "129906", "size": "3.5 oz pkg"},
{"thumb": "http://i4.peapod.com/c/KK/KKNHZ.gif", "price": "75", "unit_price": "$.21/ oz", "name": "Cesar Canine Cuisine Wet Dog Food Porterhouse Steak Flavor", "cnid": "2067", "productId": "129907", "size": "3.5 oz pkg"},
{"thumb": "http://i4.peapod.com/c/KK/KKNHZ.gif", "price": "75", "unit_price": "$.21/ oz", "name": "Cesar Canine Cuisine Wet Dog Food with Beef", "cnid": "2067", "productId": "2084", "size": "3.5 oz pkg"},
{"thumb": "http://i4.peapod.com/c/KK/KKNHZ.gif", "price": "75", "unit_price": "$.21/ oz", "name": "Cesar Canine Cuisine Wet Dog Food with Chicken & Beef", "cnid": "2067", "productId": "76062", "size": "3.5 oz pkg"},
{"thumb": "http://i4.peapod.com/c/KK/KKNHZ.gif", "price": "75", "unit_price": "$.21/ oz", "name": "Cesar Canine Cuisine Wet Dog Food with Chicken & Liver", "cnid": "2067", "productId": "2085", "size": "3.5 oz pkg"},
{"thumb": "http://i4.peapod.com/c/KK/KKNHZ.gif", "price": "599", "unit_price": "$5.99/ ea", "name": "Chewy Louie Dog Treat Braided Bully Stick 7 Inch", "cnid": "2067", "productId": "161479", "size": "1 ct bag"},
{"thumb": "http://i4.peapod.com/c/KK/KKNHZ.gif", "price": "799", "unit_price": "$2.66/ ea", "name": "Chewy Louie Dog Treat Bully Springs All Natural", "cnid": "2067", "productId": "161497", "size": "3 ct bag"},
{"thumb": "http://i4.peapod.com/c/KK/KKNHZ.gif", "price": "549", "unit_price": "$5.49/ ea", "name": "Chewy Louie Dog Treat Bully Stick 12 Inch", "cnid": "2067", "productId": "161482", "size": "1 ct bag"},
{"thumb": "http://i4.peapod.com/c/KK/KKNHZ.gif", "price": "399", "unit_price": "$3.99/ ea", "name": "Chewy Louie Dog Treat Bully Stick 7 Inch", "cnid": "2067", "productId": "161452", "size": "1 ct bag"},
{"thumb": "http://i4.peapod.com/c/KK/KKNHZ.gif", "price": "599", "unit_price": "$2.99/ ea", "name": "Chewy Louie Dog Treat Chew-A-Bulls", "cnid": "2067", "productId": "161469", "size": "2 ct pkg"},
{"thumb": "http://i4.peapod.com/c/KK/KKNHZ.gif", "price": "649", "unit_price": "$6.49/ ea", "name": "Chewy Louie Dog Treat Large Filled Bone Peanut Butter Flavor", "cnid": "2067", "productId": "161490", "size": "1 ct bag"},
{"thumb": "http://i4.peapod.com/c/KK/KKNHZ.gif", "price": "599", "unit_price": "$2.99/ ea", "name": "Chewy Louie Dog Treat Twizzle Stix All Natural", "cnid": "2067", "productId": "161486", "size": "2 ct bag"},
{"thumb": "http://i4.peapod.com/c/KK/KKNHZ.gif", "price": "299", "unit_price": "$2.99/ ea", "name": "Chewy Louie Gourmet Dog Treat Ham Bone Hickory Smoked Flavor", "cnid": "2067", "productId": "161444", "size": "1 ct pkg"},
{"thumb": "http://i4.peapod.com/c/KK/KKNHZ.gif", "price": "1299", "unit_price": "$.81/ oz", "name": "Chewy Louie Treat for Dogs Chicken Jerky", "cnid": "2067", "productId": "161531", "size": "16 oz bag"},
{"thumb": "http://i4.peapod.com/c/KK/KKNHZ.gif", "price": "809", "unit_price": "$1.35/ ea", "name": "Companion Essentials Beef Sticks Natural Flavor", "cnid": "2067", "productId": "161496", "size": "6 ct bag"},
{"thumb": "http://i4.peapod.com/c/KK/KKNHZ.gif", "price": "359", "unit_price": "$1.79/ ea", "name": "Companion Essentials Bones Compressed Natural Flavor 6 Inch", "cnid": "2067", "productId": "161445", "size": "2 ct pkg"},
{"thumb": "http://i4.peapod.com/c/KK/KKNHZ.gif", "price": "359", "unit_price": "$1.79/ ea", "name": "Companion Essentials Dog Retriever Roll Compressed 10 Inch", "cnid": "2067", "productId": "161377", "size": "2 ct pkg"},
{"thumb": "http://i4.peapod.com/c/KK/KKNHZ.gif", "price": "809", "unit_price": "$.05/ ea", "name": "Companion Essentials Munchy Sticks for Dogs Beef Flavor Value Pack", "cnid": "2067", "productId": "161498", "size": "150 ct bag"},
{"thumb": "http://i4.peapod.com/c/KK/KKNHZ.gif", "price": "699", "unit_price": "$2.33/ ea", "name": "Companion Essentials Muscle Slices Beef", "cnid": "2067", "productId": "161487", "size": "3 ct pkg"},
{"thumb": "http://i4.peapod.com/c/KK/KKNHZ.gif", "price": "719", "unit_price": "$1.44/ ea", "name": "Companion Essentials Pig Ears Oven Roasted", "cnid": "2067", "productId": "161495", "size": "5 ct pkg"},
{"thumb": "http://i4.peapod.com/c/KK/KKNHZ.gif", "price": "359", "unit_price": "$1.79/ ea", "name": "Companion Essentials Pig Ears Oven Roasted", "cnid": "2067", "productId": "161447", "size": "2 ct pkg"},
{"thumb": "http://i4.peapod.com/c/KK/KKNHZ.gif", "price": "1529", "unit_price": "$1.09/ ea", "name": "Companion Essentials Pig Ears Oven Roasted Value Pack", "cnid": "2067", "productId": "161528", "size": "14 ct pkg"},
{"thumb": "http://i4.peapod.com/c/KK/KKNHZ.gif", "price": "719", "unit_price": "$.45/ oz", "name": "Companion Essentials Piggy Strips", "cnid": "2067", "productId": "161492", "size": "16 oz pkg"},
{"thumb": "http://i4.peapod.com/c/KK/KKNHZ.gif", "price": "359", "unit_price": "$3.59/ ea", "name": "Companion Essentials Pork Femur Natural Flavor", "cnid": "2067", "productId": "161449", "size": "1 ct pkg"},
{"thumb": "http://i4.peapod.com/c/KK/KKNHZ.gif", "price": "899", "unit_price": "$1.80/ ea", "name": "Companion Essentials Rawhide Bones Natural Flavor Value Pack 6-7 Inch", "cnid": "2067", "productId": "148659", "size": "5 ct pkg"},
{"thumb": "http://i4.peapod.com/c/KK/KKNHZ.gif", "price": "539", "unit_price": "$5.39/ ea", "name": "Companion Essentials Rawhide Chew Chicken Basted Flavor 9-10 Inch", "cnid": "2067", "productId": "161488", "size": "1 ct pkg"},
{"thumb": "http://i4.peapod.com/c/KK/KKNHZ.gif", "price": "179", "unit_price": "$.09/ ea", "name": "Companion Essentials Rawhide Chew Extruded Stix Natural Flavor 5 Inch", "cnid": "2067", "productId": "161443", "size": "20 ct pkg"},
{"thumb": "http://i4.peapod.com/c/KK/KKNHZ.gif", "price": "359", "unit_price": "$3.59/ ea", "name": "Companion Essentials Rawhide Chew Natural Flavor 11 Inch", "cnid": "2067", "productId": "161459", "size": "1 ct pkg"},
{"thumb": "http://i4.peapod.com/c/KK/KKNHZ.gif", "price": "449", "unit_price": "$4.49/ ea", "name": "Companion Essentials Rawhide Chew Natural Flavor 9-10 Inch", "cnid": "2067", "productId": "161475", "size": "1 ct pkg"},
{"thumb": "http://i4.peapod.com/c/KK/KKNHZ.gif", "price": "449", "unit_price": "$4.49/ ea", "name": "Companion Essentials Rawhide Chew Peanut Butter Basted Flavor 11-12 Inch", "cnid": "2067", "productId": "161473", "size": "1 ct pkg"},
{"thumb": "http://i4.peapod.com/c/KK/KKNHZ.gif", "price": "449", "unit_price": "$4.49/ ea", "name": "Companion Essentials Rawhide Chew Peanut Butter Basted Flavor 7-8 Inch", "cnid": "2067", "productId": "161474", "size": "1 ct pkg"},
{"thumb": "http://i4.peapod.com/c/KK/KKNHZ.gif", "price": "799", "unit_price": "$2.66/ ea", "name": "Companion Essentials Rawhide Chew Rolls Natural Flavor 4-5 Inch", "cnid": "2067", "productId": "161494", "size": "3 ct pkg"},
{"thumb": "http://i4.peapod.com/c/KK/KKNHZ.gif", "price": "1259", "unit_price": "$.39/ oz", "name": "Companion Essentials Rawhide Chew Rolls Natural Flavor Value Pack", "cnid": "2067", "productId": "161529", "size": "32 oz pkg"},
{"thumb": "http://i4.peapod.com/c/KK/KKNHZ.gif", "price": "1439", "unit_price": "$.45/ oz", "name": "Companion Essentials Rawhide Chews Chips Natural Flavor", "cnid": "2067", "productId": "161530", "size": "32 oz pkg"},
{"thumb": "http://i4.peapod.com/c/KK/KKNHZ.gif", "price": "629", "unit_price": "$1.26/ ea", "name": "Companion Essentials Rawhide Chews Natural Flavor 3-4 Inch", "cnid": "2067", "productId": "161491", "size": "5 ct pkg"},
{"thumb": "http://i4.peapod.com/c/KK/KKNHZ.gif", "price": "359", "unit_price": "$1.79/ ea", "name": "Companion Essentials Rawhide Chews Natural Flavor 5-6 Inch", "cnid": "2067", "productId": "158798", "size": "2 ct pkg"},
{"thumb": "http://i4.peapod.com/c/KK/KKNHZ.gif", "price": "899", "unit_price": "$.75/ ea", "name": "Companion Essentials Rawhide Chews Natural Flavor Value Pack", "cnid": "2067", "productId": "161499", "size": "12 ct pkg"},
{"thumb": "http://i4.peapod.com/c/KK/KKNHZ.gif", "price": "449", "unit_price": "$.22/ ea", "name": "Companion Essentials Rawhide Chew Twists Chicken Basted Flavor", "cnid": "2067", "productId": "161478", "size": "20 ct pkg"},
{"thumb": "http://i4.peapod.com/c/KK/KKNHZ.gif", "price": "449", "unit_price": "$.22/ ea", "name": "Companion Essentials Rawhide Chew Twists Natural Flavor", "cnid": "2067", "productId": "158799", "size": "20 ct pkg"},
{"thumb": "http://i4.peapod.com/c/KK/KKNHZ.gif", "price": "809", "unit_price": "$.51/ oz", "name": "Companion Essentials Rawhide Chips Natural Flavor Value Pack", "cnid": "2067", "productId": "158800", "size": "16 oz pkg"},
{"thumb": "http://i4.peapod.com/c/KK/KKNHZ.gif", "price": "539", "unit_price": "$.08/ oz", "name": "Companion Gourmet Wet Dog Food Chicken, Beef & Turkey Variety Pack - 12 pk", "cnid": "2067", "productId": "155419", "size": "63.6 oz box"},
{"thumb": "http://i4.peapod.com/c/KK/KKNHZ.gif", "price": "599", "unit_price": "$5.99/ ea", "name": "Dingo Dental Bone Chicken & Rawhide Chew Large 8 Inch", "cnid": "2067", "productId": "161485", "size": "1 ct pkg"},
{"thumb": "http://i4.peapod.com/c/KK/KKNHZ.gif", "price": "299", "unit_price": "$2.99/ ea", "name": "Dingo Dental Bone Chicken & Rawhide Chew Small 3.5 Inch", "cnid": "2067", "productId": "161446", "size": "1 ct pkg"},
{"thumb": "http://i4.peapod.com/c/KK/KKNHZ.gif", "price": "549", "unit_price": "$.78/ ea", "name": "Dingo Dental Bones Chicken & Rawhide Chews Mini 2.5 Inch", "cnid": "2067", "productId": "161471", "size": "7 ct pkg"},
{"thumb": "http://i4.peapod.com/c/KK/KKNHZ.gif", "price": "499", "unit_price": "$1.43/ oz", "name": "Dingo Dog Bone Hand-Rolled - 1 ct", "cnid": "2067", "productId": "147094", "size": "3.5 oz pkg"},
{"thumb": "http://i4.peapod.com/c/KK/KKNHZ.gif", "price": "499", "unit_price": "$1.66/ ea", "name": "Dingo Dynostix Meat & Rawhide Chews 5 Inch", "cnid": "2067", "productId": "161481", "size": "3 ct pkg"},
{"thumb": "http://i4.peapod.com/c/KK/KKNHZ.gif", "price": "399", "unit_price": "$1.33/ oz", "name": "Dingo Meat & Rawhide Chews Mini - 7 ct", "cnid": "2067", "productId": "148651", "size": "3 oz pkg"},
{"thumb": "http://i4.peapod.com/c/KK/KKNHZ.gif", "price": "499", "unit_price": "$.62/ oz", "name": "Freshpet Dog Joy Treats Real Beef Recipe 100% Natural", "cnid": "2067", "productId": "154038", "size": "8 oz pkg"},
{"thumb": "http://i4.peapod.com/c/KK/KKNHZ.gif", "price": "499", "unit_price": "$.62/ oz", "name": "Freshpet Dog Joy Treats Real Chicken Recipe 100% Natural", "cnid": "2067", "productId": "154037", "size": "8 oz pkg"},
{"thumb": "http://i4.peapod.com/c/KK/KKNHZ.gif", "price": "1299", "unit_price": "$.14/ oz", "name": "Freshpet Select Slice & Serve Wet Dog Food Beef, Vegetable & Rice Adult", "cnid": "2067", "productId": "154036", "size": "6 lb pkg"},
{"thumb": "http://i4.peapod.com/c/KK/KKNHZ.gif", "price": "329", "unit_price": "$.21/ oz", "name": "Freshpet Select Slice & Serve Wet Dog Food Chicken, Vegetable & Rice Adult", "cnid": "2067", "productId": "154034", "size": "1 lb pkg"},
{"thumb": "http://i4.peapod.com/c/KK/KKNHZ.gif", "price": "1299", "unit_price": "$.14/ oz", "name": "Freshpet Select Slice & Serve Wet Dog Food Chicken, Vegetable & Rice Adult", "cnid": "2067", "productId": "154035", "size": "6 lb pkg"},
{"thumb": "http://i4.peapod.com/c/KK/KKNHZ.gif", "price": "499", "unit_price": "$.21/ oz", "name": "Freshpet Select Slice & Serve Wet Dog Food Chunky Beef, Vegetable & Rice", "cnid": "2067", "productId": "154030", "size": "1.5 lb pkg"},
{"thumb": "http://i4.peapod.com/c/KK/KKNHZ.gif", "price": "399", "unit_price": "$.40/ ea", "name": "Hartz Dentist's Best with DentaShield Rawhide Chews Clear Beef 2 Inch", "cnid": "2067", "productId": "161453", "size": "10 ct pkg"},
{"thumb": "http://i4.peapod.com/c/KK/KKNHZ.gif", "price": "399", "unit_price": "$1.33/ ea", "name": "Hartz Dentist's Best with DentaShield Retriever Twists Clear Beef 6 Inch", "cnid": "2067", "productId": "161451", "size": "3 ct pkg"},
{"thumb": "http://i4.peapod.com/c/KK/KKNHZ.gif", "price": "299", "unit_price": "$.12/ oz", "name": "Iams Adult Dog Biscuits Original Formula Small", "cnid": "2067", "productId": "106916", "size": "24 oz box"},
{"thumb": "http://i4.peapod.com/c/KK/KKNHZ.gif", "price": "1699", "unit_price": "$.07/ oz", "name": "Iams ProActive Health Dry Dog Food Chunks", "cnid": "2067", "productId": "152303", "size": "15 lb bag"},
{"thumb": "http://i4.peapod.com/c/KK/KKNHZ.gif", "price": "1699", "unit_price": "$.07/ oz", "name": "Iams ProActive Health Dry Dog Food MiniChunks 1+ Years", "cnid": "2067", "productId": "152305", "size": "15 lb bag"},
{"thumb": "http://i4.peapod.com/c/KK/KKNHZ.gif", "price": "1129", "unit_price": "$.12/ oz", "name": "Iams ProActive Health Dry Dog Food MiniChunks 3+ Years", "cnid": "2067", "productId": "106885", "size": "5.7 lb bag"},
{"thumb": "http://i4.peapod.com/c/KK/KKNHZ.gif", "price": "1129", "unit_price": "$.14/ oz", "name": "Iams ProActive Health Dry Dog Food Small & Toy Breed", "cnid": "2067", "productId": "147376", "size": "5 lb bag"},
{"thumb": "http://i4.peapod.com/c/KK/KKNHZ.gif", "price": "1129", "unit_price": "$.10/ oz", "name": "IAMS ProActive Health Dry Dog Food Smart Puppy 1-12 Months", "cnid": "2067", "productId": "168130", "size": "7 lb bag"},
{"thumb": "http://i4.peapod.com/c/KK/KKNHZ.gif", "price": "299", "unit_price": "$.12/ oz", "name": "Iams ProActive Health Weight Control Dog Biscuits", "cnid": "2067", "productId": "106920", "size": "24 oz box"},
{"thumb": "http://i4.peapod.com/c/KK/KKNHZ.gif", "price": "139", "unit_price": "$.10/ oz", "name": "Iams ProActive Health Wet Dog Food Chunks with Beef & Vegetables in Gravy", "cnid": "2067", "productId": "117216", "size": "13.2 oz can"},
{"thumb": "http://i4.peapod.com/c/KK/KKNHZ.gif", "price": "139", "unit_price": "$.11/ oz", "name": "Iams ProActive Health Wet Dog Food Chunks with Chicken & Beef in Gravy", "cnid": "2067", "productId": "162784", "size": "12.3 oz can"},
{"thumb": "http://i4.peapod.com/c/KK/KKNHZ.gif", "price": "749", "unit_price": "$.09/ oz", "name": "Iams ProActive Health Wet Dog Food Ground Dinner Beef with Rice - 6 pk", "cnid": "2067", "productId": "162785", "size": "79.2 oz pkg"},
{"thumb": "http://i4.peapod.com/c/KK/KKNHZ.gif", "price": "799", "unit_price": "$.10/ oz", "name": "Iams ProActive Health Wet Dog Food Ground Dinner Chicken & Rice - 6 pk", "cnid": "2067", "productId": "158345", "size": "79.2 oz pkg"},
{"thumb": "http://i4.peapod.com/c/KK/KKNHZ.gif", "price": "139", "unit_price": "$.10/ oz", "name": "Iams ProActive Health Wet Dog Food Ground Dinner with Beef & Rice", "cnid": "2067", "productId": "106895", "size": "13.2 oz can"},
{"thumb": "http://i4.peapod.com/c/KK/KKNHZ.gif", "price": "139", "unit_price": "$.10/ oz", "name": "Iams ProActive Health Wet Dog Food Ground Dinner with Chicken & Rice", "cnid": "2067", "productId": "106900", "size": "13.2 oz can"},
{"thumb": "http://i4.peapod.com/c/KK/KKNHZ.gif", "price": "139", "unit_price": "$.10/ oz", "name": "Iams ProActive Health Wet Dog Food Ground Dinner with Lamb & Rice", "cnid": "2067", "productId": "106904", "size": "13.2 oz can"},
{"thumb": "http://i4.peapod.com/c/KK/KKNHZ.gif", "price": "139", "unit_price": "$.11/ oz", "name": "Iams ProActive Health Wet Puppy Food Chunks with Chicken & Beef in Gravy", "cnid": "2067", "productId": "158323", "size": "12.3 oz can"},
{"thumb": "http://i4.peapod.com/c/KK/KKNHZ.gif", "price": "139", "unit_price": "$.10/ oz", "name": "Iams ProActive Health Wet Puppy Food Ground Dinner with Chicken & Rice", "cnid": "2067", "productId": "162787", "size": "13.2 oz can"},
{"thumb": "http://i4.peapod.com/c/KK/KKNHZ.gif", "price": "369", "unit_price": "$.15/ oz", "name": "Milk-Bone Dog Biscuits for Small Dogs", "cnid": "2067", "productId": "642", "size": "24 oz box"},
{"thumb": "http://i4.peapod.com/c/KK/KKNHZ.gif", "price": "279", "unit_price": "$.19/ oz", "name": "Milk-Bone Dog Biscuits Mini's Flavor Snacks", "cnid": "2067", "productId": "170783", "size": "15 oz box"},
{"thumb": "http://i4.peapod.com/c/KK/KKNHZ.gif", "price": "369", "unit_price": "$.15/ oz", "name": "Milk-Bone Dog Biscuits Original for Medium Dogs", "cnid": "2067", "productId": "643", "size": "24 oz box"},
{"thumb": "http://i4.peapod.com/c/KK/KKNHZ.gif", "price": "299", "unit_price": "$.53/ oz", "name": "Milk-Bone Dog Snacks Soft & Chewy Beef & Filet Mignon Recipe", "cnid": "2067", "productId": "147470", "size": "5.6 oz pkg"},
{"thumb": "http://i4.peapod.com/c/KK/KKNHZ.gif", "price": "299", "unit_price": "$.53/ oz", "name": "Milk-Bone Dog Snacks Soft & Chewy Chicken Recipe", "cnid": "2067", "productId": "134410", "size": "5.6 oz bag"},
{"thumb": "http://i4.peapod.com/c/KK/KKNHZ.gif", "price": "279", "unit_price": "$.28/ oz", "name": "Milk-Bone Dog Treats Original with Real Bone Marrow", "cnid": "2067", "productId": "645", "size": "10 oz box"},
{"thumb": "http://i4.peapod.com/c/KK/KKNHZ.gif", "price": "369", "unit_price": "$.15/ oz", "name": "Milk-Bone Flavor Snacks for Small - Medium Dogs", "cnid": "2067", "productId": "647", "size": "24 oz box"},
{"thumb": "http://i4.peapod.com/c/KK/KKNHZ.gif", "price": "299", "unit_price": "$.16/ oz", "name": "Milk-Bone Gravy Bones Dog Snacks Small Assorted Flavors", "cnid": "2067", "productId": "164039", "size": "19 oz box"},
{"thumb": "http://i4.peapod.com/c/KK/KKNHZ.gif", "price": "349", "unit_price": "$1.16/ oz", "name": "Milo's Kitchen Dog Treats Home Style Chicken Meatballs", "cnid": "2067", "productId": "189436", "size": "3 oz bag"},
{"thumb": "http://i4.peapod.com/c/KK/KKNHZ.gif", "price": "85", "unit_price": "$.06/ oz", "name": "Pedigree Choice Cuts Wet Dog Food Country Stew in Sauce", "cnid": "2067", "productId": "2086", "size": "13.2 oz can"},
{"thumb": "http://i4.peapod.com/c/KK/KKNHZ.gif", "price": "85", "unit_price": "$.06/ oz", "name": "Pedigree Choice Cuts Wet Dog Food with Beef in Gravy", "cnid": "2067", "productId": "2087", "size": "13.2 oz can"},
{"thumb": "http://i4.peapod.com/c/KK/KKNHZ.gif", "price": "85", "unit_price": "$.06/ oz", "name": "Pedigree Choice Cuts Wet Dog Food with Lamb & Vegetables in Gravy", "cnid": "2067", "productId": "42787", "size": "13.2 oz can"},
{"thumb": "http://i4.peapod.com/c/KK/KKNHZ.gif", "price": "399", "unit_price": "$.67/ oz", "name": "Pedigree Dentastix Mini Treats for Toy/Small Dogs - 24 ct", "cnid": "2067", "productId": "170101", "size": "6 oz bag"},
{"thumb": "http://i4.peapod.com/c/KK/KKNHZ.gif", "price": "1299", "unit_price": "$.05/ oz", "name": "Pedigree Dry Dog Food Complete Nutrition", "cnid": "2067", "productId": "23027", "size": "17 lb bag"},
{"thumb": "http://i4.peapod.com/c/KK/KKNHZ.gif", "price": "569", "unit_price": "$.10/ oz", "name": "Pedigree Dry Dog Food Small Breed Nutrition", "cnid": "2067", "productId": "170111", "size": "3.5 lb bag"},
{"thumb": "http://i4.peapod.com/c/KK/KKNHZ.gif", "price": "379", "unit_price": "$.53/ oz", "name": "Pedigree Jumbone Snacks for Small & Medium Dogs - 2 ct", "cnid": "2067", "productId": "129908", "size": "7.1 oz pkg"},
{"thumb": "http://i4.peapod.com/c/KK/KKNHZ.gif", "price": "759", "unit_price": "$.12/ oz", "name": "Pedigree Little Champions Wet Dog Food Variety Chicken/Beef/Turkey - 12 pk", "cnid": "2067", "productId": "163878", "size": "63.6 oz box"},
{"thumb": "http://i4.peapod.com/c/KK/KKNHZ.gif", "price": "969", "unit_price": "$.06/ oz", "name": "Pedigree Traditional Ground Dinner Wet Dog Food Beef & Chicken - 12 pk", "cnid": "2067", "productId": "170114", "size": "158 oz pkg"},
{"thumb": "http://i4.peapod.com/c/KK/KKNHZ.gif", "price": "85", "unit_price": "$.06/ oz", "name": "Pedigree Traditional Ground Dinner Wet Dog Food Chopped Chicken", "cnid": "2067", "productId": "2069", "size": "13.2 oz can"},
{"thumb": "http://i4.peapod.com/c/KK/KKNHZ.gif", "price": "85", "unit_price": "$.06/ oz", "name": "Pedigree Traditional Ground Dinner Wet Dog Food Chopped Chicken & Rice", "cnid": "2067", "productId": "75107", "size": "13.2 oz can"},
{"thumb": "http://i4.peapod.com/c/KK/KKNHZ.gif", "price": "85", "unit_price": "$.06/ oz", "name": "Pedigree Traditional Ground Dinner Wet Dog Food Chunky Turkey & Bacon", "cnid": "2067", "productId": "30878", "size": "13.2 oz can"},
{"thumb": "http://i4.peapod.com/c/KK/KKNHZ.gif", "price": "85", "unit_price": "$.06/ oz", "name": "Pedigree Wet Dog Food Ground Dinner Chunky Beef Bacon & Cheese", "cnid": "2067", "productId": "2061", "size": "13.2 oz can"},
{"thumb": "http://i4.peapod.com/c/KK/KKNHZ.gif", "price": "85", "unit_price": "$.06/ oz", "name": "Pedigree Wet Dog Food Ground Dinner with Chopped Beef", "cnid": "2067", "productId": "2058", "size": "13.2 oz can"},
{"thumb": "http://i4.peapod.com/c/KK/KKNHZ.gif", "price": "359", "unit_price": "$.64/ oz", "name": "Pup-Peroni Combo Bites Dog Snacks Original Beef Recipe with Cheddar Cheese", "cnid": "2067", "productId": "167538", "size": "5.6 oz pkg"},
{"thumb": "http://i4.peapod.com/c/KK/KKNHZ.gif", "price": "1299", "unit_price": "$.52/ oz", "name": "Pup-Peroni Dog Snacks Lean Beef Flavor", "cnid": "2067", "productId": "174726", "size": "25 oz bag"},
{"thumb": "http://i4.peapod.com/c/KK/KKNHZ.gif", "price": "1299", "unit_price": "$.52/ oz", "name": "Pup-Peroni Dog Snacks Original Beef Flavor", "cnid": "2067", "productId": "161662", "size": "25 oz pkg"},
{"thumb": "http://i4.peapod.com/c/KK/KKNHZ.gif", "price": "349", "unit_price": "$.36/ oz", "name": "Pup-Peroni NawSomes! Dog Treats Beef & Cheese", "cnid": "2067", "productId": "124125", "size": "9.75 oz pkg"},
{"thumb": "http://i4.peapod.com/c/KK/KKNHZ.gif", "price": "1049", "unit_price": "$.42/ oz", "name": "Purina Beggin' Strips Dog Snacks Bacon & Beef Flavors", "cnid": "2067", "productId": "166599", "size": "25 oz bag"},
{"thumb": "http://i4.peapod.com/c/KK/KKNHZ.gif", "price": "1629", "unit_price": "$.07/ oz", "name": "Purina Beneful Dry Dog Food Healthy Fiesta", "cnid": "2067", "productId": "186892", "size": "15.5 lb bag"},
{"thumb": "http://i4.peapod.com/c/KK/KKNHZ.gif", "price": "1629", "unit_price": "$.07/ oz", "name": "Purina Beneful Dry Dog Food Healthy Radiance Salmon, Rice & Vegetables", "cnid": "2067", "productId": "161511", "size": "15.5 lb bag"},
{"thumb": "http://i4.peapod.com/c/KK/KKNHZ.gif", "price": "629", "unit_price": "$.11/ oz", "name": "Purina Beneful Dry Dog Food Healthy Weight Formula", "cnid": "2067", "productId": "136815", "size": "3.5 lb bag"},
{"thumb": "http://i4.peapod.com/c/KK/KKNHZ.gif", "price": "1629", "unit_price": "$.07/ oz", "name": "Purina Beneful Dry Dog Food Healthy Weight Formula Rice & Chicken", "cnid": "2067", "productId": "161660", "size": "15.5 lb bag"},
{"thumb": "http://i4.peapod.com/c/KK/KKNHZ.gif", "price": "899", "unit_price": "$.08/ oz", "name": "Purina Beneful Dry Dog Food Original", "cnid": "2067", "productId": "124655", "size": "7 lb bag"},
{"thumb": "http://i4.peapod.com/c/KK/KKNHZ.gif", "price": "629", "unit_price": "$.11/ oz", "name": "Purina Beneful Dry Dog Food Original", "cnid": "2067", "productId": "124654", "size": "3.5 lb bag"},
{"thumb": "http://i4.peapod.com/c/KK/KKNHZ.gif", "price": "1629", "unit_price": "$.07/ oz", "name": "Purina Beneful Dry Dog Food Original", "cnid": "2067", "productId": "124656", "size": "15.5 lb bag"},
{"thumb": "http://i4.peapod.com/c/KK/KKNHZ.gif", "price": "167", "unit_price": "$.17/ oz", "name": "Purina Beneful Prepared Meals Savory Rice & Lamb Stew", "cnid": "2067", "productId": "156382", "size": "10 oz tub"},
{"thumb": "http://i4.peapod.com/c/KK/KKNHZ.gif", "price": "167", "unit_price": "$.17/ oz", "name": "Purina Beneful Prepared Meals Simmered Beef Entree", "cnid": "2067", "productId": "150120", "size": "10 oz tub"},
{"thumb": "http://i4.peapod.com/c/KK/KKNHZ.gif", "price": "317", "unit_price": "$.49/ oz", "name": "Purina Busy Bone Dog Treats Mini - 4 ct", "cnid": "2067", "productId": "161973", "size": "6.5 oz pkg"},
{"thumb": "http://i4.peapod.com/c/KK/KKNHZ.gif", "price": "317", "unit_price": "$.79/ oz", "name": "Purina Busy Dog Treat Rollhide Small - Medium", "cnid": "2067", "productId": "158335", "size": "4 oz bag"},
{"thumb": "http://i4.peapod.com/c/KK/KKNHZ.gif", "price": "499", "unit_price": "$.55/ oz", "name": "Purina Busy HeartyHide Basted Chicken Flavor", "cnid": "2067", "productId": "147467", "size": "9 oz box"},
{"thumb": "http://i4.peapod.com/c/KK/KKNHZ.gif", "price": "1199", "unit_price": "$.04/ oz", "name": "Purina Dog Chow Dry Dog Food Total Care Nutrition", "cnid": "2067", "productId": "1327", "size": "18.5 lb bag"},
{"thumb": "http://i4.peapod.com/c/KK/KKNHZ.gif", "price": "1199", "unit_price": "$.05/ oz", "name": "Purina Dry Dog Food Healthy Morsels Senior 7+", "cnid": "2067", "productId": "187944", "size": "16.5 lb bag"},
{"thumb": "http://i4.peapod.com/c/KK/KKNHZ.gif", "price": "469", "unit_price": "$.34/ oz", "name": "Purina Frosty Paws Treats for Dogs Original - 4 ct Frozen", "cnid": "2067", "productId": "11827", "size": "14 oz box"},
{"thumb": "http://i4.peapod.com/c/KK/KKNHZ.gif", "price": "759", "unit_price": "$.12/ oz", "name": "Purina Mighty Dog Wet Dog Food Classic Variety Pack - 12 pk", "cnid": "2067", "productId": "125212", "size": "66 oz box"},
{"thumb": "http://i4.peapod.com/c/KK/KKNHZ.gif", "price": "60", "unit_price": "$.11/ oz", "name": "Purina Mighty Dog Wet Dog Food Hearty Beef Dinner", "cnid": "2067", "productId": "6944", "size": "5.5 oz can"},
{"thumb": "http://i4.peapod.com/c/KK/KKNHZ.gif", "price": "1499", "unit_price": "$.11/ oz", "name": "Purina Mighty Dog Wet Dog Food Variety Pack - 24 pk", "cnid": "2067", "productId": "118541", "size": "132 oz pkg"},
{"thumb": "http://i4.peapod.com/c/KK/KKNHZ.gif", "price": "549", "unit_price": "$.08/ oz", "name": "Purina Moist & Meaty Dry Dog Food Burger with Cheddar Cheese 6 oz - 12 pk", "cnid": "2067", "productId": "42780", "size": "4.8 lb pkg"},
{"thumb": "http://i4.peapod.com/c/KK/KKNHZ.gif", "price": "650", "unit_price": "$.10/ oz", "name": "Purina ONE Dry Dog Food Lifelong Health Beef & Rice Formula", "cnid": "2067", "productId": "161661", "size": "4 lb bag"},
{"thumb": "http://i4.peapod.com/c/KK/KKNHZ.gif", "price": "650", "unit_price": "$.10/ oz", "name": "Purina ONE SmartBlend Dry Dog Food Chicken & Rice", "cnid": "2067", "productId": "1344", "size": "4 lb bag"},
{"thumb": "http://i4.peapod.com/c/KK/KKNHZ.gif", "price": "2149", "unit_price": "$.08/ oz", "name": "Purina ONE SmartBlend Dry Dog Food Chicken & Rice Adult", "cnid": "2067", "productId": "1345", "size": "16.5 lb bag"},
{"thumb": "http://i4.peapod.com/c/KK/KKNHZ.gif", "price": "2149", "unit_price": "$.08/ oz", "name": "Purina ONE SmartBlend Dry Dog Food Healthy Weight Formula", "cnid": "2067", "productId": "187946", "size": "16.5 lb bag"},
{"thumb": "http://i4.peapod.com/c/KK/KKNHZ.gif", "price": "569", "unit_price": "$.08/ oz", "name": "Purina Puppy Chow Dry Puppy Food Complete Nutrition Formula", "cnid": "2067", "productId": "1322", "size": "4.4 lb bag"},
{"thumb": "http://i4.peapod.com/c/KK/KKNHZ.gif", "price": "1599", "unit_price": "$.07/ oz", "name": "Rachael Ray Nutrish Premium Dry Dog Food with Real Beef & Brown Rice", "cnid": "2067", "productId": "174151", "size": "14 lb bag"},
{"thumb": "http://i4.peapod.com/c/KK/KKNHZ.gif", "price": "1599", "unit_price": "$.07/ oz", "name": "Rachael Ray Nutrish Premium Dry Dog Food with Real Chicken & Veggies", "cnid": "2067", "productId": "172627", "size": "14 lb bag"},
{"thumb": "http://i4.peapod.com/c/KK/KKNHZ.gif", "price": "299", "unit_price": "$.15/ oz", "name": "Arm & Hammer Cat Litter Deodorizer with Baking Soda", "cnid": "2062", "productId": "21126", "size": "20 oz box"},
{"thumb": "http://i4.peapod.com/c/KK/KKNHZ.gif", "price": "929", "unit_price": "$.47/ lb", "name": "Arm & Hammer Multi-Cat Cat Litter Clumping Extra Strength Fresh Scent", "cnid": "2062", "productId": "147377", "size": "20 lb box"},
{"thumb": "http://i4.peapod.com/c/KK/KKNHZ.gif", "price": "929", "unit_price": "$.47/ lb", "name": "Arm & Hammer Multi-Cat Cat Litter Clumping Extra Strength Unscented", "cnid": "2062", "productId": "168737", "size": "20 lb box"},
{"thumb": "http://i4.peapod.com/c/KK/KKNHZ.gif", "price": "699", "unit_price": "$.50/ lb", "name": "Arm & Hammer Super Scoop Cat Litter Clumping Fragrance Free", "cnid": "2062", "productId": "86883", "size": "14 lb box"},
{"thumb": "http://i4.peapod.com/c/KK/KKNHZ.gif", "price": "929", "unit_price": "$.47/ lb", "name": "Arm & Hammer Super Scoop Cat Litter Clumping Fresh Scent", "cnid": "2062", "productId": "117960", "size": "20 lb box"},
{"thumb": "http://i4.peapod.com/c/KK/KKNHZ.gif", "price": "354", "unit_price": "$3.54/ ea", "name": "Cat's Pride Kat Kit Disposable Cat Tray with Litter", "cnid": "2062", "productId": "46283", "size": "1 ct pkg"},
{"thumb": "http://i4.peapod.com/c/KK/KKNHZ.gif", "price": "359", "unit_price": "$.18/ lb", "name": "Companion Cat Litter Non Clumping Scented", "cnid": "2062", "productId": "58628", "size": "20 lb bag"},
{"thumb": "http://i4.peapod.com/c/KK/KKNHZ.gif", "price": "799", "unit_price": "$7.99/ ea", "name": "Companion Essentials Cat Litter Pan Extra Large", "cnid": "2062", "productId": "161635", "size": "1 ct pkg"},
{"thumb": "http://i4.peapod.com/c/KK/KKNHZ.gif", "price": "499", "unit_price": "$4.99/ ea", "name": "Companion Essentials Cat Litter Pan Large", "cnid": "2062", "productId": "161378", "size": "1 ct pkg"},
{"thumb": "http://i4.peapod.com/c/KK/KKNHZ.gif", "price": "399", "unit_price": "$3.99/ ea", "name": "Companion Essentials Cat Litter Pan Medium", "cnid": "2062", "productId": "161376", "size": "1 ct pkg"},
{"thumb": "http://i4.peapod.com/c/KK/KKNHZ.gif", "price": "249", "unit_price": "$2.49/ ea", "name": "Companion Essentials Cat Litter Scoop", "cnid": "2062", "productId": "161375", "size": "1 ct pkg"},
{"thumb": "http://i4.peapod.com/c/KK/KKNHZ.gif", "price": "149", "unit_price": "$1.49/ ea", "name": "Companion Essentials Cat Litter Scoop", "cnid": "2062", "productId": "161374", "size": "1 ct pkg"},
{"thumb": "http://i4.peapod.com/c/KK/KKNHZ.gif", "price": "169", "unit_price": "$1.69/ ea", "name": "Companion Essentials Cat Litter Scoop Silver", "cnid": "2062", "productId": "161373", "size": "1 ct pkg"},
{"thumb": "http://i4.peapod.com/c/KK/KKNHZ.gif", "price": "399", "unit_price": "$.57/ lb", "name": "Companion Natural Pine Cat Litter", "cnid": "2062", "productId": "150027", "size": "7 lb bag"},
{"thumb": "http://i4.peapod.com/c/KK/KKNHZ.gif", "price": "600", "unit_price": "$.30/ lb", "name": "Companion Scoopable Cat Litter Scented", "cnid": "2062", "productId": "157999", "size": "20 lb jug"},
{"thumb": "http://i4.peapod.com/c/KK/KKNHZ.gif", "price": "500", "unit_price": "$.36/ lb", "name": "Companion Scoopable Cat Litter Scented", "cnid": "2062", "productId": "147378", "size": "14 lb jug"},
{"thumb": "http://i4.peapod.com/c/KK/KKNHZ.gif", "price": "649", "unit_price": "$.46/ lb", "name": "Fresh Step Cat Litter", "cnid": "2062", "productId": "6314", "size": "14 lb bag"},
{"thumb": "http://i4.peapod.com/c/KK/KKNHZ.gif", "price": "399", "unit_price": "$.57/ lb", "name": "Fresh Step Cat Litter", "cnid": "2062", "productId": "6313", "size": "7 lb bag"},
{"thumb": "http://i4.peapod.com/c/KK/KKNHZ.gif", "price": "789", "unit_price": "$.38/ lb", "name": "Fresh Step Extreme Clay Cat Litter CarbonPlus", "cnid": "2062", "productId": "75876", "size": "21 lb bag"},
{"thumb": "http://i4.peapod.com/c/KK/KKNHZ.gif", "price": "1039", "unit_price": "$2.60/ lb", "name": "Fresh Step Premium Cat Litter Crystals Unscented", "cnid": "2062", "productId": "118542", "size": "4 lb bag"},
{"thumb": "http://i4.peapod.com/c/KK/KKNHZ.gif", "price": "1219", "unit_price": "$.61/ lb", "name": "Fresh Step Scoopable Cat Litter Multi-Cat Scented", "cnid": "2062", "productId": "169598", "size": "20 lb box"},
{"thumb": "http://i4.peapod.com/c/KK/KKNHZ.gif", "price": "919", "unit_price": "$.66/ lb", "name": "Fresh Step Scoopable Cat Litter Odor Shield Scented", "cnid": "2062", "productId": "35297", "size": "14 lb box"},
{"thumb": "http://i4.peapod.com/c/KK/KKNHZ.gif", "price": "1399", "unit_price": "$.56/ lb", "name": "Fresh Step Scoopable Cat Litter Scented", "cnid": "2062", "productId": "117691", "size": "25 lb box"},
{"thumb": "http://i4.peapod.com/c/KK/KKNHZ.gif", "price": "324", "unit_price": "$.65/ ea", "name": "Jonny Cat Litter Box Liners Drawstring Jumbo", "cnid": "2062", "productId": "30908", "size": "5 ct box"},
{"thumb": "http://i4.peapod.com/c/KK/KKNHZ.gif", "price": "739", "unit_price": "$.56/ lb", "name": "Purina Yesterday's News Cat Litter Softer Texture Fresh Scent", "cnid": "2062", "productId": "148098", "size": "13.2 lb bag"},
{"thumb": "http://i4.peapod.com/c/KK/KKNHZ.gif", "price": "999", "unit_price": "$.81/ lb", "name": "Swheat Scoop Litter Wheat Natural", "cnid": "2062", "productId": "154364", "size": "12.3 lb bag"},
{"thumb": "http://i4.peapod.com/c/KK/KKNHZ.gif", "price": "469", "unit_price": "$.23/ lb", "name": "Tidy Cats Clay Cat Litter Antimicrobial Odor Control", "cnid": "2062", "productId": "52196", "size": "20 lb bag"},
{"thumb": "http://i4.peapod.com/c/KK/KKNHZ.gif", "price": "250", "unit_price": "$.25/ lb", "name": "Tidy Cats Clay Cat Litter Long Lasting Odor Control", "cnid": "2062", "productId": "7964", "size": "10 lb bag"},
{"thumb": "http://i4.peapod.com/c/KK/KKNHZ.gif", "price": "469", "unit_price": "$.23/ lb", "name": "Tidy Cats Clay Cat Litter Long Lasting Odor Control", "cnid": "2062", "productId": "7965", "size": "20 lb bag"},
{"thumb": "http://i4.peapod.com/c/KK/KKNHZ.gif", "price": "600", "unit_price": "$.43/ lb", "name": "Tidy Cats Scoop Cat Litter for Multiple Cats 24/7 Performance", "cnid": "2062", "productId": "42462", "size": "14 lb jug"},
{"thumb": "http://i4.peapod.com/c/KK/KKNHZ.gif", "price": "1269", "unit_price": "$.47/ lb", "name": "Tidy Cats Scoop Cat Litter for Multiple Cats 24/7 Performance", "cnid": "2062", "productId": "75709", "size": "27 lb tub"},
{"thumb": "http://i4.peapod.com/c/KK/KKNHZ.gif", "price": "600", "unit_price": "$.43/ lb", "name": "Tidy Cats Scoop Cat Litter for Multiple Cats Instant Action", "cnid": "2062", "productId": "21796", "size": "14 lb jug"},
{"thumb": "http://i4.peapod.com/c/KK/KKNHZ.gif", "price": "949", "unit_price": "$.47/ lb", "name": "Tidy Cats Scoop Cat Litter for Multiple Cats Instant Action", "cnid": "2062", "productId": "116449", "size": "20 lb jug"},
{"thumb": "http://i4.peapod.com/c/KK/KKNHZ.gif", "price": "799", "unit_price": "$.40/ ea", "name": "Van Ness Cat Pan Liners Drawstring Large 30 in X 18 in X 1.10 mil", "cnid": "2062", "productId": "161384", "size": "20 ct pkg"},
{"thumb": "http://i4.peapod.com/c/KK/KKNHZ.gif", "price": "129", "unit_price": "$1.29/ ea", "name": "Van Ness Zeolite Air Filter Fits CP6 & CP7 Cat Pans", "cnid": "2062", "productId": "161600", "size": "1 ct pkg"},
{"thumb": "http://i4.peapod.com/c/KK/KKNHZ.gif", "price": "179", "unit_price": "$.08/ oz", "name": "9Lives Wet Cat Food Tender Slices with Real Chicken in Gravy - 4 pk", "cnid": "2058", "productId": "173706", "size": "22 oz pkg"},
{"thumb": "http://i4.peapod.com/c/KK/KKNHZ.gif", "price": "415", "unit_price": "$.12/ oz", "name": "Companion Gourmet Wet Cat Food Beef Chicken Turkey Tuna Variety Pack 12 pk", "cnid": "2058", "productId": "152172", "size": "36 oz pkg"},
{"thumb": "http://i4.peapod.com/c/KK/KKNHZ.gif", "price": "33", "unit_price": "$.06/ oz", "name": "Companion Wet Cat Food Chicken Dinner", "cnid": "2058", "productId": "155415", "size": "5.5 oz can"},
{"thumb": "http://i4.peapod.com/c/KK/KKNHZ.gif", "price": "33", "unit_price": "$.06/ oz", "name": "Companion Wet Cat Food Salmon Dinner", "cnid": "2058", "productId": "118814", "size": "5.5 oz can"},
{"thumb": "http://i4.peapod.com/c/KK/KKNHZ.gif", "price": "139", "unit_price": "$.69/ oz", "name": "Fancy Feast Appetizers for Cats Seabass & Shrimp in Broth", "cnid": "2058", "productId": "164906", "size": "2 oz pkg"},
{"thumb": "http://i4.peapod.com/c/KK/KKNHZ.gif", "price": "139", "unit_price": "$.69/ oz", "name": "Fancy Feast Appetizers for Cats Steamed Tilapia in Broth", "cnid": "2058", "productId": "161250", "size": "2 oz pkg"},
{"thumb": "http://i4.peapod.com/c/KK/KKNHZ.gif", "price": "139", "unit_price": "$.69/ oz", "name": "Fancy Feast Appetizers for Cats Tender Tongol Tuna with Broth", "cnid": "2058", "productId": "158244", "size": "2 oz pkg"},
{"thumb": "http://i4.peapod.com/c/KK/KKNHZ.gif", "price": "139", "unit_price": "$.69/ oz", "name": "Fancy Feast Appetizers for Cats White Chicken & Shredded Beef in Broth", "cnid": "2058", "productId": "156712", "size": "2 oz pkg"},
{"thumb": "http://i4.peapod.com/c/KK/KKNHZ.gif", "price": "60", "unit_price": "$.20/ oz", "name": "Fancy Feast Delights Wet Cat Food Grilled Turkey & Cheddar in Gravy", "cnid": "2058", "productId": "168110", "size": "3 oz can"},
{"thumb": "http://i4.peapod.com/c/KK/KKNHZ.gif", "price": "60", "unit_price": "$.20/ oz", "name": "Fancy Feast Delights Wet Cat Food Grilled Whitefish & Cheddar in Gravy", "cnid": "2058", "productId": "167149", "size": "3 oz can"},
{"thumb": "http://i4.peapod.com/c/KK/KKNHZ.gif", "price": "289", "unit_price": "$.18/ oz", "name": "Fancy Feast Dry Cat Food Savory Chicken & Turkey", "cnid": "2058", "productId": "161282", "size": "16 oz bag"},
{"thumb": "http://i4.peapod.com/c/KK/KKNHZ.gif", "price": "949", "unit_price": "$.26/ oz", "name": "Fancy Feast Elegant Medleys Wet Cat Food Florentine Collection - 12 pk", "cnid": "2058", "productId": "161654", "size": "36 oz box"},
{"thumb": "http://i4.peapod.com/c/KK/KKNHZ.gif", "price": "949", "unit_price": "$.26/ oz", "name": "Fancy Feast Elegant Medleys Wet Cat Food Primavera Collection - 12 pk", "cnid": "2058", "productId": "163177", "size": "36 oz box"},
{"thumb": "http://i4.peapod.com/c/KK/KKNHZ.gif", "price": "75", "unit_price": "$.25/ oz", "name": "Fancy Feast Elegant Medleys Wet Cat Food Shredded Chicken & Garden Greens", "cnid": "2058", "productId": "154361", "size": "3 oz can"},
{"thumb": "http://i4.peapod.com/c/KK/KKNHZ.gif", "price": "75", "unit_price": "$.25/ oz", "name": "Fancy Feast Elegant Medleys Wet Cat Food Shredded Turkey & Garden Greens", "cnid": "2058", "productId": "154362", "size": "3 oz can"},
{"thumb": "http://i4.peapod.com/c/KK/KKNHZ.gif", "price": "75", "unit_price": "$.25/ oz", "name": "Fancy Feast Elegant Medleys Wet Cat Food Tuna Florentine w/Garden Greens", "cnid": "2058", "productId": "154363", "size": "3 oz can"},
{"thumb": "http://i4.peapod.com/c/KK/KKNHZ.gif", "price": "75", "unit_price": "$.25/ oz", "name": "Fancy Feast Elegant Medleys Wet Cat Food Yellowfin Tuna Primavera", "cnid": "2058", "productId": "163178", "size": "3 oz can"},
{"thumb": "http://i4.peapod.com/c/KK/KKNHZ.gif", "price": "289", "unit_price": "$.18/ oz", "name": "Fancy Feast Gourmet Dry Cat Food Filet Mignon Flavor with Seafood & Shrimp", "cnid": "2058", "productId": "161281", "size": "16 oz bag"},
{"thumb": "http://i4.peapod.com/c/KK/KKNHZ.gif", "price": "60", "unit_price": "$.20/ oz", "name": "Fancy Feast Gourmet Wet Cat Food Chunky Chicken Feast", "cnid": "2058", "productId": "20873", "size": "3 oz can"},
{"thumb": "http://i4.peapod.com/c/KK/KKNHZ.gif", "price": "60", "unit_price": "$.20/ oz", "name": "Fancy Feast Gourmet Wet Cat Food Classic Chicken Feast", "cnid": "2058", "productId": "6976", "size": "3 oz can"},
{"thumb": "http://i4.peapod.com/c/KK/KKNHZ.gif", "price": "60", "unit_price": "$.20/ oz", "name": "Fancy Feast Gourmet Wet Cat Food Classic Chopped Grill Feast", "cnid": "2058", "productId": "6969", "size": "3 oz can"},
{"thumb": "http://i4.peapod.com/c/KK/KKNHZ.gif", "price": "60", "unit_price": "$.20/ oz", "name": "Fancy Feast Gourmet Wet Cat Food Classic Ocean Whitefish & Tuna Feast", "cnid": "2058", "productId": "6973", "size": "3 oz can"},
{"thumb": "http://i4.peapod.com/c/KK/KKNHZ.gif", "price": "60", "unit_price": "$.20/ oz", "name": "Fancy Feast Gourmet Wet Cat Food Classic Savory Salmon Feast", "cnid": "2058", "productId": "6971", "size": "3 oz can"},
{"thumb": "http://i4.peapod.com/c/KK/KKNHZ.gif", "price": "60", "unit_price": "$.20/ oz", "name": "Fancy Feast Gourmet Wet Cat Food Classic Seafood Feast", "cnid": "2058", "productId": "6970", "size": "3 oz can"},
{"thumb": "http://i4.peapod.com/c/KK/KKNHZ.gif", "price": "60", "unit_price": "$.20/ oz", "name": "Fancy Feast Gourmet Wet Cat Food Cod, Sole & Shrimp Feast", "cnid": "2058", "productId": "6966", "size": "3 oz can"},
{"thumb": "http://i4.peapod.com/c/KK/KKNHZ.gif", "price": "60", "unit_price": "$.20/ oz", "name": "Fancy Feast Gourmet Wet Cat Food Flaked Fish & Shrimp Feast", "cnid": "2058", "productId": "30920", "size": "3 oz can"},
{"thumb": "http://i4.peapod.com/c/KK/KKNHZ.gif", "price": "60", "unit_price": "$.20/ oz", "name": "Fancy Feast Gourmet Wet Cat Food Flaked Tuna Feast", "cnid": "2058", "productId": "34030", "size": "3 oz can"},
{"thumb": "http://i4.peapod.com/c/KK/KKNHZ.gif", "price": "60", "unit_price": "$.20/ oz", "name": "Fancy Feast Gourmet Wet Cat Food Grilled Chicken Feast in Gravy", "cnid": "2058", "productId": "127827", "size": "3 oz can"},
{"thumb": "http://i4.peapod.com/c/KK/KKNHZ.gif", "price": "60", "unit_price": "$.20/ oz", "name": "Fancy Feast Gourmet Wet Cat Food Grilled Tuna Feast in Gravy", "cnid": "2058", "productId": "134591", "size": "3 oz can"},
{"thumb": "http://i4.peapod.com/c/KK/KKNHZ.gif", "price": "60", "unit_price": "$.20/ oz", "name": "Fancy Feast Gourmet Wet Cat Food Marinated Morsels Chicken Feast in Gravy", "cnid": "2058", "productId": "163220", "size": "3 oz can"},
{"thumb": "http://i4.peapod.com/c/KK/KKNHZ.gif", "price": "60", "unit_price": "$.20/ oz", "name": "Fancy Feast Gourmet Wet Cat Food Salmon & Shrimp Feast", "cnid": "2058", "productId": "169554", "size": "3 oz can"},
{"thumb": "http://i4.peapod.com/c/KK/KKNHZ.gif", "price": "699", "unit_price": "$.19/ oz", "name": "Fancy Feast Gourmet Wet Cat Food Seafood 3-Flavor Variety Pack - 12 pk", "cnid": "2058", "productId": "123525", "size": "36 oz box"},
{"thumb": "http://i4.peapod.com/c/KK/KKNHZ.gif", "price": "1379", "unit_price": "$.19/ oz", "name": "Fancy Feast Gourmet Wet Cat Food Seafood 3-Flavor Variety Pack - 24 pk", "cnid": "2058", "productId": "27162", "size": "72 oz box"},
{"thumb": "http://i4.peapod.com/c/KK/KKNHZ.gif", "price": "60", "unit_price": "$.20/ oz", "name": "Fancy Feast Gourmet Wet Cat Food Tender Beef & Chicken Feast", "cnid": "2058", "productId": "6974", "size": "3 oz can"},
{"thumb": "http://i4.peapod.com/c/KK/KKNHZ.gif", "price": "60", "unit_price": "$.20/ oz", "name": "Fancy Feast Gourmet Wet Cat Food Tender Beef & Liver Feast", "cnid": "2058", "productId": "6968", "size": "3 oz can"},
{"thumb": "http://i4.peapod.com/c/KK/KKNHZ.gif", "price": "60", "unit_price": "$.20/ oz", "name": "Fancy Feast Gourmet Wet Cat Food Tender Beef Feast", "cnid": "2058", "productId": "6972", "size": "3 oz can"},
{"thumb": "http://i4.peapod.com/c/KK/KKNHZ.gif", "price": "60", "unit_price": "$.20/ oz", "name": "Fancy Feast Gourmet Wet Cat Food Tender Liver & Chicken Feast", "cnid": "2058", "productId": "6967", "size": "3 oz can"},
{"thumb": "http://i4.peapod.com/c/KK/KKNHZ.gif", "price": "60", "unit_price": "$.20/ oz", "name": "Fancy Feast Gourmet Wet Cat Food Turkey & Giblets Feast", "cnid": "2058", "productId": "6975", "size": "3 oz can"},
{"thumb": "http://i4.peapod.com/c/KK/KKNHZ.gif", "price": "60", "unit_price": "$.20/ oz", "name": "Fancy Feast Gravy Lovers Wet Cat Food Beef Feast in Beef Flavor Gravy", "cnid": "2058", "productId": "164903", "size": "3 oz can"},
{"thumb": "http://i4.peapod.com/c/KK/KKNHZ.gif", "price": "60", "unit_price": "$.20/ oz", "name": "Fancy Feast Gravy Lovers Wet Cat Food Chicken Feast in Chicken Gravy", "cnid": "2058", "productId": "167150", "size": "3 oz can"},
{"thumb": "http://i4.peapod.com/c/KK/KKNHZ.gif", "price": "60", "unit_price": "$.20/ oz", "name": "Fancy Feast Gravy Lovers Wet Cat Food Ocean Whitefish & Tuna Feast", "cnid": "2058", "productId": "168111", "size": "3 oz can"},
{"thumb": "http://i4.peapod.com/c/KK/KKNHZ.gif", "price": "60", "unit_price": "$.20/ oz", "name": "Fancy Feast Gravy Lovers Wet Cat Food Turkey Feast in Turkey Flavor Gravy", "cnid": "2058", "productId": "175147", "size": "3 oz can"},
{"thumb": "http://i4.peapod.com/c/KK/KKNHZ.gif", "price": "1379", "unit_price": "$.19/ oz", "name": "Fancy Feast Wet Cat Food Classic Poultry & Beef Feast Variety Pack - 24 pk", "cnid": "2058", "productId": "156373", "size": "72 oz box"},
{"thumb": "http://i4.peapod.com/c/KK/KKNHZ.gif", "price": "60", "unit_price": "$.20/ oz", "name": "Fancy Feast Wet Cat Food Grilled Ocean Whitefish & Tuna Feast in Gravy", "cnid": "2058", "productId": "162829", "size": "3 oz can"},
{"thumb": "http://i4.peapod.com/c/KK/KKNHZ.gif", "price": "1379", "unit_price": "$.19/ oz", "name": "Fancy Feast Wet Cat Food Grilled Poultry & Beef Feast Variety Pack - 24 pk", "cnid": "2058", "productId": "132291", "size": "72 oz box"},
{"thumb": "http://i4.peapod.com/c/KK/KKNHZ.gif", "price": "1379", "unit_price": "$.19/ oz", "name": "Fancy Feast Wet Cat Food Grilled Seafood Feast Variety Pack - 24 pk", "cnid": "2058", "productId": "169556", "size": "72 oz box"},
{"thumb": "http://i4.peapod.com/c/KK/KKNHZ.gif", "price": "1379", "unit_price": "$.19/ oz", "name": "Fancy Feast Wet Cat Food Poultry & Beef Feast Sliced Variety Pack - 24 pk", "cnid": "2058", "productId": "114364", "size": "72 oz box"},
{"thumb": "http://i4.peapod.com/c/KK/KKNHZ.gif", "price": "60", "unit_price": "$.20/ oz", "name": "Fancy Feast Wet Cat Food Sliced Chicken Hearts & Liver Feast in Gravy", "cnid": "2058", "productId": "21284", "size": "3 oz can"},
{"thumb": "http://i4.peapod.com/c/KK/KKNHZ.gif", "price": "179", "unit_price": "$.85/ oz", "name": "Friskies Crispies Cat Treats Chicken Flavor Puffs", "cnid": "2058", "productId": "175160", "size": "2.1 oz pkg"},
{"thumb": "http://i4.peapod.com/c/KK/KKNHZ.gif", "price": "179", "unit_price": "$.85/ oz", "name": "Friskies Crispies Cat Treats Salmon Flavor Puffs", "cnid": "2058", "productId": "175159", "size": "2.1 oz pkg"},
{"thumb": "http://i4.peapod.com/c/KK/KKNHZ.gif", "price": "699", "unit_price": "$.19/ oz", "name": "Friskies Gravy Sensations Wet Cat Food Variety Pack - 12 pk", "cnid": "2058", "productId": "163852", "size": "36 oz box"},
{"thumb": "http://i4.peapod.com/c/KK/KKNHZ.gif", "price": "219", "unit_price": "$.14/ oz", "name": "Friskies Grillers' Blend Dry Cat Food Chicken, Beef & Turkey Flavors", "cnid": "2058", "productId": "6920", "size": "16.2 oz box"},
{"thumb": "http://i4.peapod.com/c/KK/KKNHZ.gif", "price": "450", "unit_price": "$.09/ oz", "name": "Friskies Indoor Delights Dry Cat Food w/Chicken, Beef, Turkey & Cheese", "cnid": "2058", "productId": "169603", "size": "3.15 lb bag"},
{"thumb": "http://i4.peapod.com/c/KK/KKNHZ.gif", "price": "50", "unit_price": "$.09/ oz", "name": "Friskies Indoor Wet Cat Food Chunky Chicken & Turkey Casserole", "cnid": "2058", "productId": "152422", "size": "5.5 oz can"},
{"thumb": "http://i4.peapod.com/c/KK/KKNHZ.gif", "price": "50", "unit_price": "$.09/ oz", "name": "Friskies Indoor Wet Cat Food Classic Pate Chicken Dinner w/Garden Greens", "cnid": "2058", "productId": "152420", "size": "5.5 oz can"},
{"thumb": "http://i4.peapod.com/c/KK/KKNHZ.gif", "price": "50", "unit_price": "$.09/ oz", "name": "Friskies Indoor Wet Cat Food Homestyle Turkey with Garden Greens", "cnid": "2058", "productId": "152423", "size": "5.5 oz can"},
{"thumb": "http://i4.peapod.com/c/KK/KKNHZ.gif", "price": "50", "unit_price": "$.09/ oz", "name": "Friskies Indoor Wet Cat Food Saucy Seafood Bake with Garden Greens", "cnid": "2058", "productId": "158311", "size": "5.5 oz can"},
{"thumb": "http://i4.peapod.com/c/KK/KKNHZ.gif", "price": "450", "unit_price": "$.09/ oz", "name": "Friskies Seafood Sensations Dry Cat Food Ocean Fish Tuna Salmon Crab", "cnid": "2058", "productId": "147374", "size": "3.15 lb bag"},
{"thumb": "http://i4.peapod.com/c/KK/KKNHZ.gif", "price": "450", "unit_price": "$.09/ oz", "name": "Friskies Signature Blend Dry Cat Food", "cnid": "2058", "productId": "19080", "size": "3.15 lb bag"},
{"thumb": "http://i4.peapod.com/c/KK/KKNHZ.gif", "price": "50", "unit_price": "$.09/ oz", "name": "Friskies Special Diet Wet Cat Food Classic Pate Ocean Whitefish Dinner", "cnid": "2058", "productId": "42010", "size": "5.5 oz can"},
{"thumb": "http://i4.peapod.com/c/KK/KKNHZ.gif", "price": "50", "unit_price": "$.09/ oz", "name": "Friskies Special Diet Wet Cat Food Salmon", "cnid": "2058", "productId": "92871", "size": "5.5 oz can"},
{"thumb": "http://i4.peapod.com/c/KK/KKNHZ.gif", "price": "50", "unit_price": "$.09/ oz", "name": "Friskies Special Diet Wet Cat Food Sliced Chicken in Gravy Dinner", "cnid": "2058", "productId": "92870", "size": "5.5 oz can"},
{"thumb": "http://i4.peapod.com/c/KK/KKNHZ.gif", "price": "450", "unit_price": "$.09/ oz", "name": "Friskies Surfin' & Turfin' Favorites Dry Cat Food", "cnid": "2058", "productId": "147373", "size": "3.15 lb bag"},
{"thumb": "http://i4.peapod.com/c/KK/KKNHZ.gif", "price": "50", "unit_price": "$.09/ oz", "name": "Friskies Tasty Treasures Wet Cat Food Chicken, Tuna & Cheese in Gravy", "cnid": "2058", "productId": "169614", "size": "5.5 oz can"},
{"thumb": "http://i4.peapod.com/c/KK/KKNHZ.gif", "price": "50", "unit_price": "$.09/ oz", "name": "Friskies Tasty Treasures Wet Cat Food Ocean Fish, Tuna & Cheese in Sauce", "cnid": "2058", "productId": "169615", "size": "5.5 oz can"},
{"thumb": "http://i4.peapod.com/c/KK/KKNHZ.gif", "price": "50", "unit_price": "$.09/ oz", "name": "Friskies Wet Cat Food Classic Pate Country Style Dinner", "cnid": "2058", "productId": "6956", "size": "5.5 oz can"},
{"thumb": "http://i4.peapod.com/c/KK/KKNHZ.gif", "price": "50", "unit_price": "$.09/ oz", "name": "Friskies Wet Cat Food Classic Pate Liver & Chicken Dinner", "cnid": "2058", "productId": "28301", "size": "5.5 oz can"},
{"thumb": "http://i4.peapod.com/c/KK/KKNHZ.gif", "price": "50", "unit_price": "$.09/ oz", "name": "Friskies Wet Cat Food Classic Pate Mariner's Catch", "cnid": "2058", "productId": "22646", "size": "5.5 oz can"},
{"thumb": "http://i4.peapod.com/c/KK/KKNHZ.gif", "price": "50", "unit_price": "$.09/ oz", "name": "Friskies Wet Cat Food Classic Pate Mixed Grill", "cnid": "2058", "productId": "6952", "size": "5.5 oz can"},
{"thumb": "http://i4.peapod.com/c/KK/KKNHZ.gif", "price": "50", "unit_price": "$.09/ oz", "name": "Friskies Wet Cat Food Classic Pate Turkey & Giblets Dinner", "cnid": "2058", "productId": "6953", "size": "5.5 oz can"},
{"thumb": "http://i4.peapod.com/c/KK/KKNHZ.gif", "price": "50", "unit_price": "$.09/ oz", "name": "Friskies Wet Cat Food Flaked Tuna & Egg in Sauce", "cnid": "2058", "productId": "59064", "size": "5.5 oz can"},
{"thumb": "http://i4.peapod.com/c/KK/KKNHZ.gif", "price": "50", "unit_price": "$.09/ oz", "name": "Friskies Wet Cat Food Flaked Tuna in Sauce", "cnid": "2058", "productId": "59065", "size": "5.5 oz can"},
{"thumb": "http://i4.peapod.com/c/KK/KKNHZ.gif", "price": "50", "unit_price": "$.09/ oz", "name": "Friskies Wet Cat Food Meaty Bits Beef in Gravy", "cnid": "2058", "productId": "15482", "size": "5.5 oz can"},
{"thumb": "http://i4.peapod.com/c/KK/KKNHZ.gif", "price": "50", "unit_price": "$.09/ oz", "name": "Friskies Wet Cat Food Meaty Bits Chicken Dinner in Gravy", "cnid": "2058", "productId": "29020", "size": "5.5 oz can"},
{"thumb": "http://i4.peapod.com/c/KK/KKNHZ.gif", "price": "1249", "unit_price": "$.09/ oz", "name": "Friskies Wet Cat Food Original Loaf Variety Pack - 24 pk", "cnid": "2058", "productId": "60773", "size": "132 oz pkg"},
{"thumb": "http://i4.peapod.com/c/KK/KKNHZ.gif", "price": "1349", "unit_price": "$.19/ oz", "name": "Friskies Wet Cat Food Pouch Favorites Variety Pack - 24 pk", "cnid": "2058", "productId": "182261", "size": "72 oz pkg"},
{"thumb": "http://i4.peapod.com/c/KK/KKNHZ.gif", "price": "50", "unit_price": "$.09/ oz", "name": "Friskies Wet Cat Food Prime Filets Chicken in Gravy", "cnid": "2058", "productId": "132295", "size": "5.5 oz can"},
{"thumb": "http://i4.peapod.com/c/KK/KKNHZ.gif", "price": "1249", "unit_price": "$.09/ oz", "name": "Friskies Wet Cat Food Prime Filets Meaty Favorites Variety Pack - 24 pk", "cnid": "2058", "productId": "161655", "size": "132 oz box"},
{"thumb": "http://i4.peapod.com/c/KK/KKNHZ.gif", "price": "50", "unit_price": "$.09/ oz", "name": "Friskies Wet Cat Food Prime Filets Salmon & Beef in Sauce", "cnid": "2058", "productId": "161657", "size": "5.5 oz can"},
{"thumb": "http://i4.peapod.com/c/KK/KKNHZ.gif", "price": "1249", "unit_price": "$.09/ oz", "name": "Friskies Wet Cat Food Prime Filets Seafood Favorites Variety Pack - 24 pk", "cnid": "2058", "productId": "161656", "size": "132 oz box"},
{"thumb": "http://i4.peapod.com/c/KK/KKNHZ.gif", "price": "50", "unit_price": "$.09/ oz", "name": "Friskies Wet Cat Food Prime Filets Turkey Dinner in Gravy", "cnid": "2058", "productId": "127881", "size": "5.5 oz can"},
{"thumb": "http://i4.peapod.com/c/KK/KKNHZ.gif", "price": "50", "unit_price": "$.09/ oz", "name": "Friskies Wet Cat Food Prime Filets with Beef in Gravy", "cnid": "2058", "productId": "127880", "size": "5.5 oz can"},
{"thumb": "http://i4.peapod.com/c/KK/KKNHZ.gif", "price": "50", "unit_price": "$.09/ oz", "name": "Friskies Wet Cat Food Savory Shreds Beef in Gravy", "cnid": "2058", "productId": "162001", "size": "5.5 oz can"},
{"thumb": "http://i4.peapod.com/c/KK/KKNHZ.gif", "price": "50", "unit_price": "$.09/ oz", "name": "Friskies Wet Cat Food Savory Shreds Chicken & Salmon Dinner in Gravy", "cnid": "2058", "productId": "109295", "size": "5.5 oz can"},
{"thumb": "http://i4.peapod.com/c/KK/KKNHZ.gif", "price": "50", "unit_price": "$.09/ oz", "name": "Friskies Wet Cat Food Savory Shreds Chicken in Gravy", "cnid": "2058", "productId": "162000", "size": "5.5 oz can"},
{"thumb": "http://i4.peapod.com/c/KK/KKNHZ.gif", "price": "50", "unit_price": "$.09/ oz", "name": "Friskies Wet Cat Food Savory Shreds Turkey & Cheese Dinner in Gravy", "cnid": "2058", "productId": "107096", "size": "5.5 oz can"},
{"thumb": "http://i4.peapod.com/c/KK/KKNHZ.gif", "price": "619", "unit_price": "$.12/ oz", "name": "Iams Dry Cat Food Original with Tuna", "cnid": "2058", "productId": "147375", "size": "3.2 lb bag"},
{"thumb": "http://i4.peapod.com/c/KK/KKNHZ.gif", "price": "1049", "unit_price": "$.12/ oz", "name": "Iams ProActive Health Dry Cat Food Original with Chicken", "cnid": "2058", "productId": "106945", "size": "5.7 lb bag"},
{"thumb": "http://i4.peapod.com/c/KK/KKNHZ.gif", "price": "619", "unit_price": "$.12/ oz", "name": "Iams ProActive Health Dry Cat Food Original with Chicken", "cnid": "2058", "productId": "106943", "size": "3.2 lb bag"},
{"thumb": "http://i4.peapod.com/c/KK/KKNHZ.gif", "price": "109", "unit_price": "$.20/ oz", "name": "Iams ProActive Health Premium Wet Cat Food Filets Skipjack Tuna in Sauce", "cnid": "2058", "productId": "162790", "size": "5.5 oz can"},
{"thumb": "http://i4.peapod.com/c/KK/KKNHZ.gif", "price": "80", "unit_price": "$.27/ oz", "name": "Iams ProActive Health Premium Wet Cat Food Pate Lamb & Rice", "cnid": "2058", "productId": "114901", "size": "3 oz can"},
{"thumb": "http://i4.peapod.com/c/KK/KKNHZ.gif", "price": "80", "unit_price": "$.27/ oz", "name": "Iams ProActive Health Premium Wet Cat Food Pate Tender Beef", "cnid": "2058", "productId": "160614", "size": "3 oz can"},
{"thumb": "http://i4.peapod.com/c/KK/KKNHZ.gif", "price": "80", "unit_price": "$.27/ oz", "name": "Iams ProActive Health Premium Wet Cat Food Pate with Gourmet Chicken", "cnid": "2058", "productId": "106930", "size": "3 oz can"},
{"thumb": "http://i4.peapod.com/c/KK/KKNHZ.gif", "price": "109", "unit_price": "$.20/ oz", "name": "Iams ProActive Health Premium Wet Cat Food Pate with Gourmet Chicken", "cnid": "2058", "productId": "160591", "size": "5.5 oz can"},
{"thumb": "http://i4.peapod.com/c/KK/KKNHZ.gif", "price": "80", "unit_price": "$.27/ oz", "name": "Iams ProActive Health Wet Kitten Food Pate with Gourmet Chicken", "cnid": "2058", "productId": "160116", "size": "3 oz can"},
{"thumb": "http://i4.peapod.com/c/KK/KKNHZ.gif", "price": "1399", "unit_price": "$.05/ oz", "name": "Meow Mix Dry Cat Food Original Choice", "cnid": "2058", "productId": "82316", "size": "16 lb bag"},
{"thumb": "http://i4.peapod.com/c/KK/KKNHZ.gif", "price": "479", "unit_price": "$.09/ oz", "name": "Meow Mix Dry Cat Food Original Choice", "cnid": "2058", "productId": "1339", "size": "3.15 lb bag"},
{"thumb": "http://i4.peapod.com/c/KK/KKNHZ.gif", "price": "649", "unit_price": "$.20/ oz", "name": "Meow Mix Market Select Wet Cat Food Beef & Poultry Variety Pack - 12 pk", "cnid": "2058", "productId": "147468", "size": "33 oz pkg"},
{"thumb": "http://i4.peapod.com/c/KK/KKNHZ.gif", "price": "649", "unit_price": "$.20/ oz", "name": "Meow Mix Wet Cat Food Seafood Favoties Variety Pack - 12 pk", "cnid": "2058", "productId": "148949", "size": "33 oz pkg"},
{"thumb": "http://i4.peapod.com/c/KK/KKNHZ.gif", "price": "149", "unit_price": "$.27/ oz", "name": "Newman's Own Organics Wet Cat Food Chicken & Brown Rice Formula", "cnid": "2058", "productId": "144872", "size": "5.5 oz can"},
{"thumb": "http://i4.peapod.com/c/KK/KKNHZ.gif", "price": "549", "unit_price": "$.11/ oz", "name": "Purina Cat Chow Dry Cat Food Complete Formula", "cnid": "2058", "productId": "1336", "size": "3.15 lb bag"},
{"thumb": "http://i4.peapod.com/c/KK/KKNHZ.gif", "price": "549", "unit_price": "$.11/ oz", "name": "Purina Cat Chow Dry Cat Food Indoor Formula", "cnid": "2058", "productId": "90492", "size": "3.15 lb bag"},
{"thumb": "http://i4.peapod.com/c/KK/KKNHZ.gif", "price": "899", "unit_price": "$.09/ oz", "name": "Purina Cat Chow Dry Cat Food Indoor Formula", "cnid": "2058", "productId": "140775", "size": "6.3 lb bag"},
{"thumb": "http://i4.peapod.com/c/KK/KKNHZ.gif", "price": "1299", "unit_price": "$.05/ oz", "name": "Purina Cat Chow Dry Cat Food Indoor Formula", "cnid": "2058", "productId": "161263", "size": "16 lb bag"},
{"thumb": "http://i4.peapod.com/c/KK/KKNHZ.gif", "price": "549", "unit_price": "$.11/ oz", "name": "Purina Cat Chow Naturals Dry Cat Food Plus Vitamins & Minerals", "cnid": "2058", "productId": "145522", "size": "3.15 lb bag"},
{"thumb": "http://i4.peapod.com/c/KK/KKNHZ.gif", "price": "679", "unit_price": "$.12/ oz", "name": "Purina Deli-Cat Dry Cat Food", "cnid": "2058", "productId": "13780", "size": "3.5 lb jug"},
{"thumb": "http://i4.peapod.com/c/KK/KKNHZ.gif", "price": "650", "unit_price": "$.12/ oz", "name": "Purina ONE Advanced Nutrition Hairball Formula Dry Cat Food", "cnid": "2058", "productId": "127831", "size": "3.5 lb bag"},
{"thumb": "http://i4.peapod.com/c/KK/KKNHZ.gif", "price": "650", "unit_price": "$.14/ oz", "name": "Purina ONE BeyOnd Adult Dry Cat Food Chicken & Whole Oat Meal Recipe", "cnid": "2058", "productId": "170159", "size": "3 lb bag"},
{"thumb": "http://i4.peapod.com/c/KK/KKNHZ.gif", "price": "650", "unit_price": "$.14/ oz", "name": "Purina ONE BeyOnd Adult Dry Cat Food Salmon & Whole Brown Rice Recipe", "cnid": "2058", "productId": "170163", "size": "3 lb bag"},
{"thumb": "http://i4.peapod.com/c/KK/KKNHZ.gif", "price": "650", "unit_price": "$.12/ oz", "name": "Purina ONE Indoor Advantage Dry Cat Food Hairball & Healthy Weight Formula", "cnid": "2058", "productId": "164897", "size": "3.5 lb bag"},
{"thumb": "http://i4.peapod.com/c/KK/KKNHZ.gif", "price": "650", "unit_price": "$.12/ oz", "name": "Purina ONE SmartBalance Dry Cat Food Salmon & Tuna Flavor", "cnid": "2058", "productId": "81946", "size": "3.5 lb bag"},
{"thumb": "http://i4.peapod.com/c/KK/KKNHZ.gif", "price": "650", "unit_price": "$.12/ oz", "name": "Purina ONE SmartBlend Dry Cat Food Chicken & Rice Formula", "cnid": "2058", "productId": "14785", "size": "3.5 lb bag"},
{"thumb": "http://i4.peapod.com/c/KK/KKNHZ.gif", "price": "650", "unit_price": "$.12/ oz", "name": "Purina ONE Special Care Dry Cat Food Urinary Tract Health Formula", "cnid": "2058", "productId": "15514", "size": "3.5 lb bag"},
{"thumb": "http://i4.peapod.com/c/KK/KKNHZ.gif", "price": "650", "unit_price": "$.12/ oz", "name": "Purina ONE Vibrant Maturity Dry Cat Food 7+ Senior Formula", "cnid": "2058", "productId": "150390", "size": "3.5 lb bag"},
{"thumb": "http://i4.peapod.com/c/KK/KKNHZ.gif", "price": "120", "unit_price": "$.40/ oz", "name": "Purina Whisker Lickin's Tender Moments Cat Treats Chicken", "cnid": "2058", "productId": "42048", "size": "3 oz bag"},
{"thumb": "http://i4.peapod.com/c/KK/KKNHZ.gif", "price": "200", "unit_price": "$.95/ oz", "name": "Temptations Cat Treats Hairball Control Chicken Flavor", "cnid": "2058", "productId": "145201", "size": "2.1 oz bag"},
{"thumb": "http://i4.peapod.com/c/KK/KKNHZ.gif", "price": "200", "unit_price": "$.67/ oz", "name": "Temptations Cat Treats Savory Salmon Flavor", "cnid": "2058", "productId": "122752", "size": "3 oz bag"},
{"thumb": "http://i4.peapod.com/c/KK/KKNHZ.gif", "price": "200", "unit_price": "$.81/ oz", "name": "Temptations Cat Treats Yellow Fin Tuna Flavor All Natural", "cnid": "2058", "productId": "158319", "size": "2.47 oz bag"},
{"thumb": "http://i4.peapod.com/c/KK/KKNHZ.gif", "price": "559", "unit_price": "$.16/ oz", "name": "Whiskas Choice Cuts Wet Cat Food Poultry Variety Pack - 12 pk", "cnid": "2058", "productId": "124182", "size": "36 oz box"},
{"thumb": "http://i4.peapod.com/c/KK/KKNHZ.gif", "price": "559", "unit_price": "$.16/ oz", "name": "Whiskas Choice Cuts Wet Cat Food Seafood Variety Pack - 12 pk", "cnid": "2058", "productId": "124183", "size": "36 oz box"},
{"thumb": "http://i4.peapod.com/c/KK/KKNHZ.gif", "price": "65", "unit_price": "$.19/ oz", "name": "Whiskas Wet Cat Food Rotisserie Chicken Flavor in Meaty Juices", "cnid": "2058", "productId": "155852", "size": "3.5 oz can"},
{"thumb": "http://i4.peapod.com/c/KK/KKNHZ.gif", "price": "179", "unit_price": "$.08/ oz", "name": "9Lives Wet Cat Food Tender Slices with Real Chicken in Gravy - 4 pk", "cnid": "64539688", "productId": "173706", "size": "22 oz pkg"},
{"thumb": "http://i4.peapod.com/c/KK/KKNHZ.gif", "price": "415", "unit_price": "$.12/ oz", "name": "Companion Gourmet Wet Cat Food Beef Chicken Turkey Tuna Variety Pack 12 pk", "cnid": "64539688", "productId": "152172", "size": "36 oz pkg"},
{"thumb": "http://i4.peapod.com/c/KK/KKNHZ.gif", "price": "33", "unit_price": "$.06/ oz", "name": "Companion Wet Cat Food Chicken Dinner", "cnid": "64539688", "productId": "155415", "size": "5.5 oz can"},
{"thumb": "http://i4.peapod.com/c/KK/KKNHZ.gif", "price": "33", "unit_price": "$.06/ oz", "name": "Companion Wet Cat Food Salmon Dinner", "cnid": "64539688", "productId": "118814", "size": "5.5 oz can"},
{"thumb": "http://i4.peapod.com/c/KK/KKNHZ.gif", "price": "139", "unit_price": "$.69/ oz", "name": "Fancy Feast Appetizers for Cats Seabass & Shrimp in Broth", "cnid": "64539688", "productId": "164906", "size": "2 oz pkg"},
{"thumb": "http://i4.peapod.com/c/KK/KKNHZ.gif", "price": "139", "unit_price": "$.69/ oz", "name": "Fancy Feast Appetizers for Cats Steamed Tilapia in Broth", "cnid": "64539688", "productId": "161250", "size": "2 oz pkg"},
{"thumb": "http://i4.peapod.com/c/KK/KKNHZ.gif", "price": "139", "unit_price": "$.69/ oz", "name": "Fancy Feast Appetizers for Cats Tender Tongol Tuna with Broth", "cnid": "64539688", "productId": "158244", "size": "2 oz pkg"},
{"thumb": "http://i4.peapod.com/c/KK/KKNHZ.gif", "price": "139", "unit_price": "$.69/ oz", "name": "Fancy Feast Appetizers for Cats White Chicken & Shredded Beef in Broth", "cnid": "64539688", "productId": "156712", "size": "2 oz pkg"},
{"thumb": "http://i4.peapod.com/c/KK/KKNHZ.gif", "price": "60", "unit_price": "$.20/ oz", "name": "Fancy Feast Delights Wet Cat Food Grilled Turkey & Cheddar in Gravy", "cnid": "64539688", "productId": "168110", "size": "3 oz can"},
{"thumb": "http://i4.peapod.com/c/KK/KKNHZ.gif", "price": "60", "unit_price": "$.20/ oz", "name": "Fancy Feast Delights Wet Cat Food Grilled Whitefish & Cheddar in Gravy", "cnid": "64539688", "productId": "167149", "size": "3 oz can"},
{"thumb": "http://i4.peapod.com/c/KK/KKNHZ.gif", "price": "289", "unit_price": "$.18/ oz", "name": "Fancy Feast Dry Cat Food Savory Chicken & Turkey", "cnid": "64539688", "productId": "161282", "size": "16 oz bag"},
{"thumb": "http://i4.peapod.com/c/KK/KKNHZ.gif", "price": "949", "unit_price": "$.26/ oz", "name": "Fancy Feast Elegant Medleys Wet Cat Food Florentine Collection - 12 pk", "cnid": "64539688", "productId": "161654", "size": "36 oz box"},
{"thumb": "http://i4.peapod.com/c/KK/KKNHZ.gif", "price": "949", "unit_price": "$.26/ oz", "name": "Fancy Feast Elegant Medleys Wet Cat Food Primavera Collection - 12 pk", "cnid": "64539688", "productId": "163177", "size": "36 oz box"},
{"thumb": "http://i4.peapod.com/c/KK/KKNHZ.gif", "price": "75", "unit_price": "$.25/ oz", "name": "Fancy Feast Elegant Medleys Wet Cat Food Shredded Chicken & Garden Greens", "cnid": "64539688", "productId": "154361", "size": "3 oz can"},
{"thumb": "http://i4.peapod.com/c/KK/KKNHZ.gif", "price": "75", "unit_price": "$.25/ oz", "name": "Fancy Feast Elegant Medleys Wet Cat Food Shredded Turkey & Garden Greens", "cnid": "64539688", "productId": "154362", "size": "3 oz can"},
{"thumb": "http://i4.peapod.com/c/KK/KKNHZ.gif", "price": "75", "unit_price": "$.25/ oz", "name": "Fancy Feast Elegant Medleys Wet Cat Food Tuna Florentine w/Garden Greens", "cnid": "64539688", "productId": "154363", "size": "3 oz can"},
{"thumb": "http://i4.peapod.com/c/KK/KKNHZ.gif", "price": "75", "unit_price": "$.25/ oz", "name": "Fancy Feast Elegant Medleys Wet Cat Food Yellowfin Tuna Primavera", "cnid": "64539688", "productId": "163178", "size": "3 oz can"},
{"thumb": "http://i4.peapod.com/c/KK/KKNHZ.gif", "price": "289", "unit_price": "$.18/ oz", "name": "Fancy Feast Gourmet Dry Cat Food Filet Mignon Flavor with Seafood & Shrimp", "cnid": "64539688", "productId": "161281", "size": "16 oz bag"},
{"thumb": "http://i4.peapod.com/c/KK/KKNHZ.gif", "price": "60", "unit_price": "$.20/ oz", "name": "Fancy Feast Gourmet Wet Cat Food Chunky Chicken Feast", "cnid": "64539688", "productId": "20873", "size": "3 oz can"},
{"thumb": "http://i4.peapod.com/c/KK/KKNHZ.gif", "price": "60", "unit_price": "$.20/ oz", "name": "Fancy Feast Gourmet Wet Cat Food Classic Chicken Feast", "cnid": "64539688", "productId": "6976", "size": "3 oz can"},
{"thumb": "http://i4.peapod.com/c/KK/KKNHZ.gif", "price": "60", "unit_price": "$.20/ oz", "name": "Fancy Feast Gourmet Wet Cat Food Classic Chopped Grill Feast", "cnid": "64539688", "productId": "6969", "size": "3 oz can"},
{"thumb": "http://i4.peapod.com/c/KK/KKNHZ.gif", "price": "60", "unit_price": "$.20/ oz", "name": "Fancy Feast Gourmet Wet Cat Food Classic Ocean Whitefish & Tuna Feast", "cnid": "64539688", "productId": "6973", "size": "3 oz can"},
{"thumb": "http://i4.peapod.com/c/KK/KKNHZ.gif", "price": "60", "unit_price": "$.20/ oz", "name": "Fancy Feast Gourmet Wet Cat Food Classic Savory Salmon Feast", "cnid": "64539688", "productId": "6971", "size": "3 oz can"},
{"thumb": "http://i4.peapod.com/c/KK/KKNHZ.gif", "price": "60", "unit_price": "$.20/ oz", "name": "Fancy Feast Gourmet Wet Cat Food Classic Seafood Feast", "cnid": "64539688", "productId": "6970", "size": "3 oz can"},
{"thumb": "http://i4.peapod.com/c/KK/KKNHZ.gif", "price": "60", "unit_price": "$.20/ oz", "name": "Fancy Feast Gourmet Wet Cat Food Cod, Sole & Shrimp Feast", "cnid": "64539688", "productId": "6966", "size": "3 oz can"},
{"thumb": "http://i4.peapod.com/c/KK/KKNHZ.gif", "price": "60", "unit_price": "$.20/ oz", "name": "Fancy Feast Gourmet Wet Cat Food Flaked Fish & Shrimp Feast", "cnid": "64539688", "productId": "30920", "size": "3 oz can"},
{"thumb": "http://i4.peapod.com/c/KK/KKNHZ.gif", "price": "60", "unit_price": "$.20/ oz", "name": "Fancy Feast Gourmet Wet Cat Food Flaked Tuna Feast", "cnid": "64539688", "productId": "34030", "size": "3 oz can"},
{"thumb": "http://i4.peapod.com/c/KK/KKNHZ.gif", "price": "60", "unit_price": "$.20/ oz", "name": "Fancy Feast Gourmet Wet Cat Food Grilled Chicken Feast in Gravy", "cnid": "64539688", "productId": "127827", "size": "3 oz can"},
{"thumb": "http://i4.peapod.com/c/KK/KKNHZ.gif", "price": "60", "unit_price": "$.20/ oz", "name": "Fancy Feast Gourmet Wet Cat Food Grilled Tuna Feast in Gravy", "cnid": "64539688", "productId": "134591", "size": "3 oz can"},
{"thumb": "http://i4.peapod.com/c/KK/KKNHZ.gif", "price": "60", "unit_price": "$.20/ oz", "name": "Fancy Feast Gourmet Wet Cat Food Marinated Morsels Chicken Feast in Gravy", "cnid": "64539688", "productId": "163220", "size": "3 oz can"},
{"thumb": "http://i4.peapod.com/c/KK/KKNHZ.gif", "price": "60", "unit_price": "$.20/ oz", "name": "Fancy Feast Gourmet Wet Cat Food Salmon & Shrimp Feast", "cnid": "64539688", "productId": "169554", "size": "3 oz can"},
{"thumb": "http://i4.peapod.com/c/KK/KKNHZ.gif", "price": "699", "unit_price": "$.19/ oz", "name": "Fancy Feast Gourmet Wet Cat Food Seafood 3-Flavor Variety Pack - 12 pk", "cnid": "64539688", "productId": "123525", "size": "36 oz box"},
{"thumb": "http://i4.peapod.com/c/KK/KKNHZ.gif", "price": "1379", "unit_price": "$.19/ oz", "name": "Fancy Feast Gourmet Wet Cat Food Seafood 3-Flavor Variety Pack - 24 pk", "cnid": "64539688", "productId": "27162", "size": "72 oz box"},
{"thumb": "http://i4.peapod.com/c/KK/KKNHZ.gif", "price": "60", "unit_price": "$.20/ oz", "name": "Fancy Feast Gourmet Wet Cat Food Tender Beef & Chicken Feast", "cnid": "64539688", "productId": "6974", "size": "3 oz can"},
{"thumb": "http://i4.peapod.com/c/KK/KKNHZ.gif", "price": "60", "unit_price": "$.20/ oz", "name": "Fancy Feast Gourmet Wet Cat Food Tender Beef & Liver Feast", "cnid": "64539688", "productId": "6968", "size": "3 oz can"},
{"thumb": "http://i4.peapod.com/c/KK/KKNHZ.gif", "price": "60", "unit_price": "$.20/ oz", "name": "Fancy Feast Gourmet Wet Cat Food Tender Beef Feast", "cnid": "64539688", "productId": "6972", "size": "3 oz can"},
{"thumb": "http://i4.peapod.com/c/KK/KKNHZ.gif", "price": "60", "unit_price": "$.20/ oz", "name": "Fancy Feast Gourmet Wet Cat Food Tender Liver & Chicken Feast", "cnid": "64539688", "productId": "6967", "size": "3 oz can"},
{"thumb": "http://i4.peapod.com/c/KK/KKNHZ.gif", "price": "60", "unit_price": "$.20/ oz", "name": "Fancy Feast Gourmet Wet Cat Food Turkey & Giblets Feast", "cnid": "64539688", "productId": "6975", "size": "3 oz can"},
{"thumb": "http://i4.peapod.com/c/KK/KKNHZ.gif", "price": "60", "unit_price": "$.20/ oz", "name": "Fancy Feast Gravy Lovers Wet Cat Food Beef Feast in Beef Flavor Gravy", "cnid": "64539688", "productId": "164903", "size": "3 oz can"},
{"thumb": "http://i4.peapod.com/c/KK/KKNHZ.gif", "price": "60", "unit_price": "$.20/ oz", "name": "Fancy Feast Gravy Lovers Wet Cat Food Chicken Feast in Chicken Gravy", "cnid": "64539688", "productId": "167150", "size": "3 oz can"},
{"thumb": "http://i4.peapod.com/c/KK/KKNHZ.gif", "price": "60", "unit_price": "$.20/ oz", "name": "Fancy Feast Gravy Lovers Wet Cat Food Ocean Whitefish & Tuna Feast", "cnid": "64539688", "productId": "168111", "size": "3 oz can"},
{"thumb": "http://i4.peapod.com/c/KK/KKNHZ.gif", "price": "60", "unit_price": "$.20/ oz", "name": "Fancy Feast Gravy Lovers Wet Cat Food Turkey Feast in Turkey Flavor Gravy", "cnid": "64539688", "productId": "175147", "size": "3 oz can"},
{"thumb": "http://i4.peapod.com/c/KK/KKNHZ.gif", "price": "1379", "unit_price": "$.19/ oz", "name": "Fancy Feast Wet Cat Food Classic Poultry & Beef Feast Variety Pack - 24 pk", "cnid": "64539688", "productId": "156373", "size": "72 oz box"},
{"thumb": "http://i4.peapod.com/c/KK/KKNHZ.gif", "price": "60", "unit_price": "$.20/ oz", "name": "Fancy Feast Wet Cat Food Grilled Ocean Whitefish & Tuna Feast in Gravy", "cnid": "64539688", "productId": "162829", "size": "3 oz can"},
{"thumb": "http://i4.peapod.com/c/KK/KKNHZ.gif", "price": "1379", "unit_price": "$.19/ oz", "name": "Fancy Feast Wet Cat Food Grilled Poultry & Beef Feast Variety Pack - 24 pk", "cnid": "64539688", "productId": "132291", "size": "72 oz box"},
{"thumb": "http://i4.peapod.com/c/KK/KKNHZ.gif", "price": "1379", "unit_price": "$.19/ oz", "name": "Fancy Feast Wet Cat Food Grilled Seafood Feast Variety Pack - 24 pk", "cnid": "64539688", "productId": "169556", "size": "72 oz box"},
{"thumb": "http://i4.peapod.com/c/KK/KKNHZ.gif", "price": "1379", "unit_price": "$.19/ oz", "name": "Fancy Feast Wet Cat Food Poultry & Beef Feast Sliced Variety Pack - 24 pk", "cnid": "64539688", "productId": "114364", "size": "72 oz box"},
{"thumb": "http://i4.peapod.com/c/KK/KKNHZ.gif", "price": "60", "unit_price": "$.20/ oz", "name": "Fancy Feast Wet Cat Food Sliced Chicken Hearts & Liver Feast in Gravy", "cnid": "64539688", "productId": "21284", "size": "3 oz can"},
{"thumb": "http://i4.peapod.com/c/KK/KKNHZ.gif", "price": "179", "unit_price": "$.85/ oz", "name": "Friskies Crispies Cat Treats Chicken Flavor Puffs", "cnid": "64539688", "productId": "175160", "size": "2.1 oz pkg"},
{"thumb": "http://i4.peapod.com/c/KK/KKNHZ.gif", "price": "179", "unit_price": "$.85/ oz", "name": "Friskies Crispies Cat Treats Salmon Flavor Puffs", "cnid": "64539688", "productId": "175159", "size": "2.1 oz pkg"},
{"thumb": "http://i4.peapod.com/c/KK/KKNHZ.gif", "price": "699", "unit_price": "$.19/ oz", "name": "Friskies Gravy Sensations Wet Cat Food Variety Pack - 12 pk", "cnid": "64539688", "productId": "163852", "size": "36 oz box"},
{"thumb": "http://i4.peapod.com/c/KK/KKNHZ.gif", "price": "219", "unit_price": "$.14/ oz", "name": "Friskies Grillers' Blend Dry Cat Food Chicken, Beef & Turkey Flavors", "cnid": "64539688", "productId": "6920", "size": "16.2 oz box"},
{"thumb": "http://i4.peapod.com/c/KK/KKNHZ.gif", "price": "450", "unit_price": "$.09/ oz", "name": "Friskies Indoor Delights Dry Cat Food w/Chicken, Beef, Turkey & Cheese", "cnid": "64539688", "productId": "169603", "size": "3.15 lb bag"},
{"thumb": "http://i4.peapod.com/c/KK/KKNHZ.gif", "price": "50", "unit_price": "$.09/ oz", "name": "Friskies Indoor Wet Cat Food Chunky Chicken & Turkey Casserole", "cnid": "64539688", "productId": "152422", "size": "5.5 oz can"},
{"thumb": "http://i4.peapod.com/c/KK/KKNHZ.gif", "price": "50", "unit_price": "$.09/ oz", "name": "Friskies Indoor Wet Cat Food Classic Pate Chicken Dinner w/Garden Greens", "cnid": "64539688", "productId": "152420", "size": "5.5 oz can"},
{"thumb": "http://i4.peapod.com/c/KK/KKNHZ.gif", "price": "50", "unit_price": "$.09/ oz", "name": "Friskies Indoor Wet Cat Food Homestyle Turkey with Garden Greens", "cnid": "64539688", "productId": "152423", "size": "5.5 oz can"},
{"thumb": "http://i4.peapod.com/c/KK/KKNHZ.gif", "price": "50", "unit_price": "$.09/ oz", "name": "Friskies Indoor Wet Cat Food Saucy Seafood Bake with Garden Greens", "cnid": "64539688", "productId": "158311", "size": "5.5 oz can"},
{"thumb": "http://i4.peapod.com/c/KK/KKNHZ.gif", "price": "450", "unit_price": "$.09/ oz", "name": "Friskies Seafood Sensations Dry Cat Food Ocean Fish Tuna Salmon Crab", "cnid": "64539688", "productId": "147374", "size": "3.15 lb bag"},
{"thumb": "http://i4.peapod.com/c/KK/KKNHZ.gif", "price": "450", "unit_price": "$.09/ oz", "name": "Friskies Signature Blend Dry Cat Food", "cnid": "64539688", "productId": "19080", "size": "3.15 lb bag"},
{"thumb": "http://i4.peapod.com/c/KK/KKNHZ.gif", "price": "50", "unit_price": "$.09/ oz", "name": "Friskies Special Diet Wet Cat Food Classic Pate Ocean Whitefish Dinner", "cnid": "64539688", "productId": "42010", "size": "5.5 oz can"},
{"thumb": "http://i4.peapod.com/c/KK/KKNHZ.gif", "price": "50", "unit_price": "$.09/ oz", "name": "Friskies Special Diet Wet Cat Food Salmon", "cnid": "64539688", "productId": "92871", "size": "5.5 oz can"},
{"thumb": "http://i4.peapod.com/c/KK/KKNHZ.gif", "price": "50", "unit_price": "$.09/ oz", "name": "Friskies Special Diet Wet Cat Food Sliced Chicken in Gravy Dinner", "cnid": "64539688", "productId": "92870", "size": "5.5 oz can"},
{"thumb": "http://i4.peapod.com/c/KK/KKNHZ.gif", "price": "450", "unit_price": "$.09/ oz", "name": "Friskies Surfin' & Turfin' Favorites Dry Cat Food", "cnid": "64539688", "productId": "147373", "size": "3.15 lb bag"},
{"thumb": "http://i4.peapod.com/c/KK/KKNHZ.gif", "price": "50", "unit_price": "$.09/ oz", "name": "Friskies Tasty Treasures Wet Cat Food Chicken, Tuna & Cheese in Gravy", "cnid": "64539688", "productId": "169614", "size": "5.5 oz can"},
{"thumb": "http://i4.peapod.com/c/KK/KKNHZ.gif", "price": "50", "unit_price": "$.09/ oz", "name": "Friskies Tasty Treasures Wet Cat Food Ocean Fish, Tuna & Cheese in Sauce", "cnid": "64539688", "productId": "169615", "size": "5.5 oz can"},
{"thumb": "http://i4.peapod.com/c/KK/KKNHZ.gif", "price": "50", "unit_price": "$.09/ oz", "name": "Friskies Wet Cat Food Classic Pate Country Style Dinner", "cnid": "64539688", "productId": "6956", "size": "5.5 oz can"},
{"thumb": "http://i4.peapod.com/c/KK/KKNHZ.gif", "price": "50", "unit_price": "$.09/ oz", "name": "Friskies Wet Cat Food Classic Pate Liver & Chicken Dinner", "cnid": "64539688", "productId": "28301", "size": "5.5 oz can"},
{"thumb": "http://i4.peapod.com/c/KK/KKNHZ.gif", "price": "50", "unit_price": "$.09/ oz", "name": "Friskies Wet Cat Food Classic Pate Mariner's Catch", "cnid": "64539688", "productId": "22646", "size": "5.5 oz can"},
{"thumb": "http://i4.peapod.com/c/KK/KKNHZ.gif", "price": "50", "unit_price": "$.09/ oz", "name": "Friskies Wet Cat Food Classic Pate Mixed Grill", "cnid": "64539688", "productId": "6952", "size": "5.5 oz can"},
{"thumb": "http://i4.peapod.com/c/KK/KKNHZ.gif", "price": "50", "unit_price": "$.09/ oz", "name": "Friskies Wet Cat Food Classic Pate Turkey & Giblets Dinner", "cnid": "64539688", "productId": "6953", "size": "5.5 oz can"},
{"thumb": "http://i4.peapod.com/c/KK/KKNHZ.gif", "price": "50", "unit_price": "$.09/ oz", "name": "Friskies Wet Cat Food Flaked Tuna & Egg in Sauce", "cnid": "64539688", "productId": "59064", "size": "5.5 oz can"},
{"thumb": "http://i4.peapod.com/c/KK/KKNHZ.gif", "price": "50", "unit_price": "$.09/ oz", "name": "Friskies Wet Cat Food Flaked Tuna in Sauce", "cnid": "64539688", "productId": "59065", "size": "5.5 oz can"},
{"thumb": "http://i4.peapod.com/c/KK/KKNHZ.gif", "price": "50", "unit_price": "$.09/ oz", "name": "Friskies Wet Cat Food Meaty Bits Beef in Gravy", "cnid": "64539688", "productId": "15482", "size": "5.5 oz can"},
{"thumb": "http://i4.peapod.com/c/KK/KKNHZ.gif", "price": "50", "unit_price": "$.09/ oz", "name": "Friskies Wet Cat Food Meaty Bits Chicken Dinner in Gravy", "cnid": "64539688", "productId": "29020", "size": "5.5 oz can"},
{"thumb": "http://i4.peapod.com/c/KK/KKNHZ.gif", "price": "1249", "unit_price": "$.09/ oz", "name": "Friskies Wet Cat Food Original Loaf Variety Pack - 24 pk", "cnid": "64539688", "productId": "60773", "size": "132 oz pkg"},
{"thumb": "http://i4.peapod.com/c/KK/KKNHZ.gif", "price": "1349", "unit_price": "$.19/ oz", "name": "Friskies Wet Cat Food Pouch Favorites Variety Pack - 24 pk", "cnid": "64539688", "productId": "182261", "size": "72 oz pkg"},
{"thumb": "http://i4.peapod.com/c/KK/KKNHZ.gif", "price": "50", "unit_price": "$.09/ oz", "name": "Friskies Wet Cat Food Prime Filets Chicken in Gravy", "cnid": "64539688", "productId": "132295", "size": "5.5 oz can"},
{"thumb": "http://i4.peapod.com/c/KK/KKNHZ.gif", "price": "1249", "unit_price": "$.09/ oz", "name": "Friskies Wet Cat Food Prime Filets Meaty Favorites Variety Pack - 24 pk", "cnid": "64539688", "productId": "161655", "size": "132 oz box"},
{"thumb": "http://i4.peapod.com/c/KK/KKNHZ.gif", "price": "50", "unit_price": "$.09/ oz", "name": "Friskies Wet Cat Food Prime Filets Salmon & Beef in Sauce", "cnid": "64539688", "productId": "161657", "size": "5.5 oz can"},
{"thumb": "http://i4.peapod.com/c/KK/KKNHZ.gif", "price": "1249", "unit_price": "$.09/ oz", "name": "Friskies Wet Cat Food Prime Filets Seafood Favorites Variety Pack - 24 pk", "cnid": "64539688", "productId": "161656", "size": "132 oz box"},
{"thumb": "http://i4.peapod.com/c/KK/KKNHZ.gif", "price": "50", "unit_price": "$.09/ oz", "name": "Friskies Wet Cat Food Prime Filets Turkey Dinner in Gravy", "cnid": "64539688", "productId": "127881", "size": "5.5 oz can"},
{"thumb": "http://i4.peapod.com/c/KK/KKNHZ.gif", "price": "50", "unit_price": "$.09/ oz", "name": "Friskies Wet Cat Food Prime Filets with Beef in Gravy", "cnid": "64539688", "productId": "127880", "size": "5.5 oz can"},
{"thumb": "http://i4.peapod.com/c/KK/KKNHZ.gif", "price": "50", "unit_price": "$.09/ oz", "name": "Friskies Wet Cat Food Savory Shreds Beef in Gravy", "cnid": "64539688", "productId": "162001", "size": "5.5 oz can"},
{"thumb": "http://i4.peapod.com/c/KK/KKNHZ.gif", "price": "50", "unit_price": "$.09/ oz", "name": "Friskies Wet Cat Food Savory Shreds Chicken & Salmon Dinner in Gravy", "cnid": "64539688", "productId": "109295", "size": "5.5 oz can"},
{"thumb": "http://i4.peapod.com/c/KK/KKNHZ.gif", "price": "50", "unit_price": "$.09/ oz", "name": "Friskies Wet Cat Food Savory Shreds Chicken in Gravy", "cnid": "64539688", "productId": "162000", "size": "5.5 oz can"},
{"thumb": "http://i4.peapod.com/c/KK/KKNHZ.gif", "price": "50", "unit_price": "$.09/ oz", "name": "Friskies Wet Cat Food Savory Shreds Turkey & Cheese Dinner in Gravy", "cnid": "64539688", "productId": "107096", "size": "5.5 oz can"},
{"thumb": "http://i4.peapod.com/c/KK/KKNHZ.gif", "price": "619", "unit_price": "$.12/ oz", "name": "Iams Dry Cat Food Original with Tuna", "cnid": "64539688", "productId": "147375", "size": "3.2 lb bag"},
{"thumb": "http://i4.peapod.com/c/KK/KKNHZ.gif", "price": "1049", "unit_price": "$.12/ oz", "name": "Iams ProActive Health Dry Cat Food Original with Chicken", "cnid": "64539688", "productId": "106945", "size": "5.7 lb bag"},
{"thumb": "http://i4.peapod.com/c/KK/KKNHZ.gif", "price": "619", "unit_price": "$.12/ oz", "name": "Iams ProActive Health Dry Cat Food Original with Chicken", "cnid": "64539688", "productId": "106943", "size": "3.2 lb bag"},
{"thumb": "http://i4.peapod.com/c/KK/KKNHZ.gif", "price": "109", "unit_price": "$.20/ oz", "name": "Iams ProActive Health Premium Wet Cat Food Filets Skipjack Tuna in Sauce", "cnid": "64539688", "productId": "162790", "size": "5.5 oz can"},
{"thumb": "http://i4.peapod.com/c/KK/KKNHZ.gif", "price": "80", "unit_price": "$.27/ oz", "name": "Iams ProActive Health Premium Wet Cat Food Pate Lamb & Rice", "cnid": "64539688", "productId": "114901", "size": "3 oz can"},
{"thumb": "http://i4.peapod.com/c/KK/KKNHZ.gif", "price": "80", "unit_price": "$.27/ oz", "name": "Iams ProActive Health Premium Wet Cat Food Pate Tender Beef", "cnid": "64539688", "productId": "160614", "size": "3 oz can"},
{"thumb": "http://i4.peapod.com/c/KK/KKNHZ.gif", "price": "80", "unit_price": "$.27/ oz", "name": "Iams ProActive Health Premium Wet Cat Food Pate with Gourmet Chicken", "cnid": "64539688", "productId": "106930", "size": "3 oz can"},
{"thumb": "http://i4.peapod.com/c/KK/KKNHZ.gif", "price": "109", "unit_price": "$.20/ oz", "name": "Iams ProActive Health Premium Wet Cat Food Pate with Gourmet Chicken", "cnid": "64539688", "productId": "160591", "size": "5.5 oz can"},
{"thumb": "http://i4.peapod.com/c/KK/KKNHZ.gif", "price": "80", "unit_price": "$.27/ oz", "name": "Iams ProActive Health Wet Kitten Food Pate with Gourmet Chicken", "cnid": "64539688", "productId": "160116", "size": "3 oz can"},
{"thumb": "http://i4.peapod.com/c/KK/KKNHZ.gif", "price": "1399", "unit_price": "$.05/ oz", "name": "Meow Mix Dry Cat Food Original Choice", "cnid": "64539688", "productId": "82316", "size": "16 lb bag"},
{"thumb": "http://i4.peapod.com/c/KK/KKNHZ.gif", "price": "479", "unit_price": "$.09/ oz", "name": "Meow Mix Dry Cat Food Original Choice", "cnid": "64539688", "productId": "1339", "size": "3.15 lb bag"},
{"thumb": "http://i4.peapod.com/c/KK/KKNHZ.gif", "price": "649", "unit_price": "$.20/ oz", "name": "Meow Mix Market Select Wet Cat Food Beef & Poultry Variety Pack - 12 pk", "cnid": "64539688", "productId": "147468", "size": "33 oz pkg"},
{"thumb": "http://i4.peapod.com/c/KK/KKNHZ.gif", "price": "649", "unit_price": "$.20/ oz", "name": "Meow Mix Wet Cat Food Seafood Favoties Variety Pack - 12 pk", "cnid": "64539688", "productId": "148949", "size": "33 oz pkg"},
{"thumb": "http://i4.peapod.com/c/KK/KKNHZ.gif", "price": "149", "unit_price": "$.27/ oz", "name": "Newman's Own Organics Wet Cat Food Chicken & Brown Rice Formula", "cnid": "64539688", "productId": "144872", "size": "5.5 oz can"},
{"thumb": "http://i4.peapod.com/c/KK/KKNHZ.gif", "price": "549", "unit_price": "$.11/ oz", "name": "Purina Cat Chow Dry Cat Food Complete Formula", "cnid": "64539688", "productId": "1336", "size": "3.15 lb bag"},
{"thumb": "http://i4.peapod.com/c/KK/KKNHZ.gif", "price": "549", "unit_price": "$.11/ oz", "name": "Purina Cat Chow Dry Cat Food Indoor Formula", "cnid": "64539688", "productId": "90492", "size": "3.15 lb bag"},
{"thumb": "http://i4.peapod.com/c/KK/KKNHZ.gif", "price": "899", "unit_price": "$.09/ oz", "name": "Purina Cat Chow Dry Cat Food Indoor Formula", "cnid": "64539688", "productId": "140775", "size": "6.3 lb bag"},
{"thumb": "http://i4.peapod.com/c/KK/KKNHZ.gif", "price": "1299", "unit_price": "$.05/ oz", "name": "Purina Cat Chow Dry Cat Food Indoor Formula", "cnid": "64539688", "productId": "161263", "size": "16 lb bag"},
{"thumb": "http://i4.peapod.com/c/KK/KKNHZ.gif", "price": "549", "unit_price": "$.11/ oz", "name": "Purina Cat Chow Naturals Dry Cat Food Plus Vitamins & Minerals", "cnid": "64539688", "productId": "145522", "size": "3.15 lb bag"},
{"thumb": "http://i4.peapod.com/c/KK/KKNHZ.gif", "price": "679", "unit_price": "$.12/ oz", "name": "Purina Deli-Cat Dry Cat Food", "cnid": "64539688", "productId": "13780", "size": "3.5 lb jug"},
{"thumb": "http://i4.peapod.com/c/KK/KKNHZ.gif", "price": "650", "unit_price": "$.12/ oz", "name": "Purina ONE Advanced Nutrition Hairball Formula Dry Cat Food", "cnid": "64539688", "productId": "127831", "size": "3.5 lb bag"},
{"thumb": "http://i4.peapod.com/c/KK/KKNHZ.gif", "price": "650", "unit_price": "$.14/ oz", "name": "Purina ONE BeyOnd Adult Dry Cat Food Chicken & Whole Oat Meal Recipe", "cnid": "64539688", "productId": "170159", "size": "3 lb bag"},
{"thumb": "http://i4.peapod.com/c/KK/KKNHZ.gif", "price": "650", "unit_price": "$.14/ oz", "name": "Purina ONE BeyOnd Adult Dry Cat Food Salmon & Whole Brown Rice Recipe", "cnid": "64539688", "productId": "170163", "size": "3 lb bag"},
{"thumb": "http://i4.peapod.com/c/KK/KKNHZ.gif", "price": "650", "unit_price": "$.12/ oz", "name": "Purina ONE Indoor Advantage Dry Cat Food Hairball & Healthy Weight Formula", "cnid": "64539688", "productId": "164897", "size": "3.5 lb bag"},
{"thumb": "http://i4.peapod.com/c/KK/KKNHZ.gif", "price": "650", "unit_price": "$.12/ oz", "name": "Purina ONE SmartBalance Dry Cat Food Salmon & Tuna Flavor", "cnid": "64539688", "productId": "81946", "size": "3.5 lb bag"},
{"thumb": "http://i4.peapod.com/c/KK/KKNHZ.gif", "price": "650", "unit_price": "$.12/ oz", "name": "Purina ONE SmartBlend Dry Cat Food Chicken & Rice Formula", "cnid": "64539688", "productId": "14785", "size": "3.5 lb bag"},
{"thumb": "http://i4.peapod.com/c/KK/KKNHZ.gif", "price": "650", "unit_price": "$.12/ oz", "name": "Purina ONE Special Care Dry Cat Food Urinary Tract Health Formula", "cnid": "64539688", "productId": "15514", "size": "3.5 lb bag"},
{"thumb": "http://i4.peapod.com/c/KK/KKNHZ.gif", "price": "650", "unit_price": "$.12/ oz", "name": "Purina ONE Vibrant Maturity Dry Cat Food 7+ Senior Formula", "cnid": "64539688", "productId": "150390", "size": "3.5 lb bag"},
{"thumb": "http://i4.peapod.com/c/KK/KKNHZ.gif", "price": "120", "unit_price": "$.40/ oz", "name": "Purina Whisker Lickin's Tender Moments Cat Treats Chicken", "cnid": "64539688", "productId": "42048", "size": "3 oz bag"},
{"thumb": "http://i4.peapod.com/c/KK/KKNHZ.gif", "price": "200", "unit_price": "$.95/ oz", "name": "Temptations Cat Treats Hairball Control Chicken Flavor", "cnid": "64539688", "productId": "145201", "size": "2.1 oz bag"},
{"thumb": "http://i4.peapod.com/c/KK/KKNHZ.gif", "price": "200", "unit_price": "$.67/ oz", "name": "Temptations Cat Treats Savory Salmon Flavor", "cnid": "64539688", "productId": "122752", "size": "3 oz bag"},
{"thumb": "http://i4.peapod.com/c/KK/KKNHZ.gif", "price": "200", "unit_price": "$.81/ oz", "name": "Temptations Cat Treats Yellow Fin Tuna Flavor All Natural", "cnid": "64539688", "productId": "158319", "size": "2.47 oz bag"},
{"thumb": "http://i4.peapod.com/c/KK/KKNHZ.gif", "price": "559", "unit_price": "$.16/ oz", "name": "Whiskas Choice Cuts Wet Cat Food Poultry Variety Pack - 12 pk", "cnid": "64539688", "productId": "124182", "size": "36 oz box"},
{"thumb": "http://i4.peapod.com/c/KK/KKNHZ.gif", "price": "559", "unit_price": "$.16/ oz", "name": "Whiskas Choice Cuts Wet Cat Food Seafood Variety Pack - 12 pk", "cnid": "64539688", "productId": "124183", "size": "36 oz box"},
{"thumb": "http://i4.peapod.com/c/KK/KKNHZ.gif", "price": "65", "unit_price": "$.19/ oz", "name": "Whiskas Wet Cat Food Rotisserie Chicken Flavor in Meaty Juices", "cnid": "64539688", "productId": "155852", "size": "3.5 oz can"},
{"thumb": "http://i4.peapod.com/c/KK/KKNHZ.gif", "price": "179", "unit_price": "$.08/ oz", "name": "9Lives Wet Cat Food Tender Slices with Real Chicken in Gravy - 4 pk", "cnid": "1201202020262054748", "productId": "173706", "size": "22 oz pkg"},
{"thumb": "http://i4.peapod.com/c/KK/KKNHZ.gif", "price": "415", "unit_price": "$.12/ oz", "name": "Companion Gourmet Wet Cat Food Beef Chicken Turkey Tuna Variety Pack 12 pk", "cnid": "1201202020262054748", "productId": "152172", "size": "36 oz pkg"},
{"thumb": "http://i4.peapod.com/c/KK/KKNHZ.gif", "price": "33", "unit_price": "$.06/ oz", "name": "Companion Wet Cat Food Chicken Dinner", "cnid": "1201202020262054748", "productId": "155415", "size": "5.5 oz can"},
{"thumb": "http://i4.peapod.com/c/KK/KKNHZ.gif", "price": "33", "unit_price": "$.06/ oz", "name": "Companion Wet Cat Food Salmon Dinner", "cnid": "1201202020262054748", "productId": "118814", "size": "5.5 oz can"},
{"thumb": "http://i4.peapod.com/c/KK/KKNHZ.gif", "price": "139", "unit_price": "$.69/ oz", "name": "Fancy Feast Appetizers for Cats Seabass & Shrimp in Broth", "cnid": "1201202020262054748", "productId": "164906", "size": "2 oz pkg"},
{"thumb": "http://i4.peapod.com/c/KK/KKNHZ.gif", "price": "139", "unit_price": "$.69/ oz", "name": "Fancy Feast Appetizers for Cats Steamed Tilapia in Broth", "cnid": "1201202020262054748", "productId": "161250", "size": "2 oz pkg"},
{"thumb": "http://i4.peapod.com/c/KK/KKNHZ.gif", "price": "139", "unit_price": "$.69/ oz", "name": "Fancy Feast Appetizers for Cats Tender Tongol Tuna with Broth", "cnid": "1201202020262054748", "productId": "158244", "size": "2 oz pkg"},
{"thumb": "http://i4.peapod.com/c/KK/KKNHZ.gif", "price": "139", "unit_price": "$.69/ oz", "name": "Fancy Feast Appetizers for Cats White Chicken & Shredded Beef in Broth", "cnid": "1201202020262054748", "productId": "156712", "size": "2 oz pkg"},
{"thumb": "http://i4.peapod.com/c/KK/KKNHZ.gif", "price": "60", "unit_price": "$.20/ oz", "name": "Fancy Feast Delights Wet Cat Food Grilled Turkey & Cheddar in Gravy", "cnid": "1201202020262054748", "productId": "168110", "size": "3 oz can"},
{"thumb": "http://i4.peapod.com/c/KK/KKNHZ.gif", "price": "60", "unit_price": "$.20/ oz", "name": "Fancy Feast Delights Wet Cat Food Grilled Whitefish & Cheddar in Gravy", "cnid": "1201202020262054748", "productId": "167149", "size": "3 oz can"},
{"thumb": "http://i4.peapod.com/c/KK/KKNHZ.gif", "price": "289", "unit_price": "$.18/ oz", "name": "Fancy Feast Dry Cat Food Savory Chicken & Turkey", "cnid": "1201202020262054748", "productId": "161282", "size": "16 oz bag"},
{"thumb": "http://i4.peapod.com/c/KK/KKNHZ.gif", "price": "949", "unit_price": "$.26/ oz", "name": "Fancy Feast Elegant Medleys Wet Cat Food Florentine Collection - 12 pk", "cnid": "1201202020262054748", "productId": "161654", "size": "36 oz box"},
{"thumb": "http://i4.peapod.com/c/KK/KKNHZ.gif", "price": "949", "unit_price": "$.26/ oz", "name": "Fancy Feast Elegant Medleys Wet Cat Food Primavera Collection - 12 pk", "cnid": "1201202020262054748", "productId": "163177", "size": "36 oz box"},
{"thumb": "http://i4.peapod.com/c/KK/KKNHZ.gif", "price": "75", "unit_price": "$.25/ oz", "name": "Fancy Feast Elegant Medleys Wet Cat Food Shredded Chicken & Garden Greens", "cnid": "1201202020262054748", "productId": "154361", "size": "3 oz can"},
{"thumb": "http://i4.peapod.com/c/KK/KKNHZ.gif", "price": "75", "unit_price": "$.25/ oz", "name": "Fancy Feast Elegant Medleys Wet Cat Food Shredded Turkey & Garden Greens", "cnid": "1201202020262054748", "productId": "154362", "size": "3 oz can"},
{"thumb": "http://i4.peapod.com/c/KK/KKNHZ.gif", "price": "75", "unit_price": "$.25/ oz", "name": "Fancy Feast Elegant Medleys Wet Cat Food Tuna Florentine w/Garden Greens", "cnid": "1201202020262054748", "productId": "154363", "size": "3 oz can"},
{"thumb": "http://i4.peapod.com/c/KK/KKNHZ.gif", "price": "75", "unit_price": "$.25/ oz", "name": "Fancy Feast Elegant Medleys Wet Cat Food Yellowfin Tuna Primavera", "cnid": "1201202020262054748", "productId": "163178", "size": "3 oz can"},
{"thumb": "http://i4.peapod.com/c/KK/KKNHZ.gif", "price": "289", "unit_price": "$.18/ oz", "name": "Fancy Feast Gourmet Dry Cat Food Filet Mignon Flavor with Seafood & Shrimp", "cnid": "1201202020262054748", "productId": "161281", "size": "16 oz bag"},
{"thumb": "http://i4.peapod.com/c/KK/KKNHZ.gif", "price": "60", "unit_price": "$.20/ oz", "name": "Fancy Feast Gourmet Wet Cat Food Chunky Chicken Feast", "cnid": "1201202020262054748", "productId": "20873", "size": "3 oz can"},
{"thumb": "http://i4.peapod.com/c/KK/KKNHZ.gif", "price": "60", "unit_price": "$.20/ oz", "name": "Fancy Feast Gourmet Wet Cat Food Classic Chicken Feast", "cnid": "1201202020262054748", "productId": "6976", "size": "3 oz can"},
{"thumb": "http://i4.peapod.com/c/KK/KKNHZ.gif", "price": "60", "unit_price": "$.20/ oz", "name": "Fancy Feast Gourmet Wet Cat Food Classic Chopped Grill Feast", "cnid": "1201202020262054748", "productId": "6969", "size": "3 oz can"},
{"thumb": "http://i4.peapod.com/c/KK/KKNHZ.gif", "price": "60", "unit_price": "$.20/ oz", "name": "Fancy Feast Gourmet Wet Cat Food Classic Ocean Whitefish & Tuna Feast", "cnid": "1201202020262054748", "productId": "6973", "size": "3 oz can"},
{"thumb": "http://i4.peapod.com/c/KK/KKNHZ.gif", "price": "60", "unit_price": "$.20/ oz", "name": "Fancy Feast Gourmet Wet Cat Food Classic Savory Salmon Feast", "cnid": "1201202020262054748", "productId": "6971", "size": "3 oz can"},
{"thumb": "http://i4.peapod.com/c/KK/KKNHZ.gif", "price": "60", "unit_price": "$.20/ oz", "name": "Fancy Feast Gourmet Wet Cat Food Classic Seafood Feast", "cnid": "1201202020262054748", "productId": "6970", "size": "3 oz can"},
{"thumb": "http://i4.peapod.com/c/KK/KKNHZ.gif", "price": "60", "unit_price": "$.20/ oz", "name": "Fancy Feast Gourmet Wet Cat Food Cod, Sole & Shrimp Feast", "cnid": "1201202020262054748", "productId": "6966", "size": "3 oz can"},
{"thumb": "http://i4.peapod.com/c/KK/KKNHZ.gif", "price": "60", "unit_price": "$.20/ oz", "name": "Fancy Feast Gourmet Wet Cat Food Flaked Fish & Shrimp Feast", "cnid": "1201202020262054748", "productId": "30920", "size": "3 oz can"},
{"thumb": "http://i4.peapod.com/c/KK/KKNHZ.gif", "price": "60", "unit_price": "$.20/ oz", "name": "Fancy Feast Gourmet Wet Cat Food Flaked Tuna Feast", "cnid": "1201202020262054748", "productId": "34030", "size": "3 oz can"},
{"thumb": "http://i4.peapod.com/c/KK/KKNHZ.gif", "price": "60", "unit_price": "$.20/ oz", "name": "Fancy Feast Gourmet Wet Cat Food Grilled Chicken Feast in Gravy", "cnid": "1201202020262054748", "productId": "127827", "size": "3 oz can"},
{"thumb": "http://i4.peapod.com/c/KK/KKNHZ.gif", "price": "60", "unit_price": "$.20/ oz", "name": "Fancy Feast Gourmet Wet Cat Food Grilled Tuna Feast in Gravy", "cnid": "1201202020262054748", "productId": "134591", "size": "3 oz can"},
{"thumb": "http://i4.peapod.com/c/KK/KKNHZ.gif", "price": "60", "unit_price": "$.20/ oz", "name": "Fancy Feast Gourmet Wet Cat Food Marinated Morsels Chicken Feast in Gravy", "cnid": "1201202020262054748", "productId": "163220", "size": "3 oz can"},
{"thumb": "http://i4.peapod.com/c/KK/KKNHZ.gif", "price": "60", "unit_price": "$.20/ oz", "name": "Fancy Feast Gourmet Wet Cat Food Salmon & Shrimp Feast", "cnid": "1201202020262054748", "productId": "169554", "size": "3 oz can"},
{"thumb": "http://i4.peapod.com/c/KK/KKNHZ.gif", "price": "699", "unit_price": "$.19/ oz", "name": "Fancy Feast Gourmet Wet Cat Food Seafood 3-Flavor Variety Pack - 12 pk", "cnid": "1201202020262054748", "productId": "123525", "size": "36 oz box"},
{"thumb": "http://i4.peapod.com/c/KK/KKNHZ.gif", "price": "1379", "unit_price": "$.19/ oz", "name": "Fancy Feast Gourmet Wet Cat Food Seafood 3-Flavor Variety Pack - 24 pk", "cnid": "1201202020262054748", "productId": "27162", "size": "72 oz box"},
{"thumb": "http://i4.peapod.com/c/KK/KKNHZ.gif", "price": "60", "unit_price": "$.20/ oz", "name": "Fancy Feast Gourmet Wet Cat Food Tender Beef & Chicken Feast", "cnid": "1201202020262054748", "productId": "6974", "size": "3 oz can"},
{"thumb": "http://i4.peapod.com/c/KK/KKNHZ.gif", "price": "60", "unit_price": "$.20/ oz", "name": "Fancy Feast Gourmet Wet Cat Food Tender Beef & Liver Feast", "cnid": "1201202020262054748", "productId": "6968", "size": "3 oz can"},
{"thumb": "http://i4.peapod.com/c/KK/KKNHZ.gif", "price": "60", "unit_price": "$.20/ oz", "name": "Fancy Feast Gourmet Wet Cat Food Tender Beef Feast", "cnid": "1201202020262054748", "productId": "6972", "size": "3 oz can"},
{"thumb": "http://i4.peapod.com/c/KK/KKNHZ.gif", "price": "60", "unit_price": "$.20/ oz", "name": "Fancy Feast Gourmet Wet Cat Food Tender Liver & Chicken Feast", "cnid": "1201202020262054748", "productId": "6967", "size": "3 oz can"},
{"thumb": "http://i4.peapod.com/c/KK/KKNHZ.gif", "price": "60", "unit_price": "$.20/ oz", "name": "Fancy Feast Gourmet Wet Cat Food Turkey & Giblets Feast", "cnid": "1201202020262054748", "productId": "6975", "size": "3 oz can"},
{"thumb": "http://i4.peapod.com/c/KK/KKNHZ.gif", "price": "60", "unit_price": "$.20/ oz", "name": "Fancy Feast Gravy Lovers Wet Cat Food Beef Feast in Beef Flavor Gravy", "cnid": "1201202020262054748", "productId": "164903", "size": "3 oz can"},
{"thumb": "http://i4.peapod.com/c/KK/KKNHZ.gif", "price": "60", "unit_price": "$.20/ oz", "name": "Fancy Feast Gravy Lovers Wet Cat Food Chicken Feast in Chicken Gravy", "cnid": "1201202020262054748", "productId": "167150", "size": "3 oz can"},
{"thumb": "http://i4.peapod.com/c/KK/KKNHZ.gif", "price": "60", "unit_price": "$.20/ oz", "name": "Fancy Feast Gravy Lovers Wet Cat Food Ocean Whitefish & Tuna Feast", "cnid": "1201202020262054748", "productId": "168111", "size": "3 oz can"},
{"thumb": "http://i4.peapod.com/c/KK/KKNHZ.gif", "price": "60", "unit_price": "$.20/ oz", "name": "Fancy Feast Gravy Lovers Wet Cat Food Turkey Feast in Turkey Flavor Gravy", "cnid": "1201202020262054748", "productId": "175147", "size": "3 oz can"},
{"thumb": "http://i4.peapod.com/c/KK/KKNHZ.gif", "price": "1379", "unit_price": "$.19/ oz", "name": "Fancy Feast Wet Cat Food Classic Poultry & Beef Feast Variety Pack - 24 pk", "cnid": "1201202020262054748", "productId": "156373", "size": "72 oz box"},
{"thumb": "http://i4.peapod.com/c/KK/KKNHZ.gif", "price": "60", "unit_price": "$.20/ oz", "name": "Fancy Feast Wet Cat Food Grilled Ocean Whitefish & Tuna Feast in Gravy", "cnid": "1201202020262054748", "productId": "162829", "size": "3 oz can"},
{"thumb": "http://i4.peapod.com/c/KK/KKNHZ.gif", "price": "1379", "unit_price": "$.19/ oz", "name": "Fancy Feast Wet Cat Food Grilled Poultry & Beef Feast Variety Pack - 24 pk", "cnid": "1201202020262054748", "productId": "132291", "size": "72 oz box"},
{"thumb": "http://i4.peapod.com/c/KK/KKNHZ.gif", "price": "1379", "unit_price": "$.19/ oz", "name": "Fancy Feast Wet Cat Food Grilled Seafood Feast Variety Pack - 24 pk", "cnid": "1201202020262054748", "productId": "169556", "size": "72 oz box"},
{"thumb": "http://i4.peapod.com/c/KK/KKNHZ.gif", "price": "1379", "unit_price": "$.19/ oz", "name": "Fancy Feast Wet Cat Food Poultry & Beef Feast Sliced Variety Pack - 24 pk", "cnid": "1201202020262054748", "productId": "114364", "size": "72 oz box"},
{"thumb": "http://i4.peapod.com/c/KK/KKNHZ.gif", "price": "60", "unit_price": "$.20/ oz", "name": "Fancy Feast Wet Cat Food Sliced Chicken Hearts & Liver Feast in Gravy", "cnid": "1201202020262054748", "productId": "21284", "size": "3 oz can"},
{"thumb": "http://i4.peapod.com/c/KK/KKNHZ.gif", "price": "179", "unit_price": "$.85/ oz", "name": "Friskies Crispies Cat Treats Chicken Flavor Puffs", "cnid": "1201202020262054748", "productId": "175160", "size": "2.1 oz pkg"},
{"thumb": "http://i4.peapod.com/c/KK/KKNHZ.gif", "price": "179", "unit_price": "$.85/ oz", "name": "Friskies Crispies Cat Treats Salmon Flavor Puffs", "cnid": "1201202020262054748", "productId": "175159", "size": "2.1 oz pkg"},
{"thumb": "http://i4.peapod.com/c/KK/KKNHZ.gif", "price": "699", "unit_price": "$.19/ oz", "name": "Friskies Gravy Sensations Wet Cat Food Variety Pack - 12 pk", "cnid": "1201202020262054748", "productId": "163852", "size": "36 oz box"},
{"thumb": "http://i4.peapod.com/c/KK/KKNHZ.gif", "price": "219", "unit_price": "$.14/ oz", "name": "Friskies Grillers' Blend Dry Cat Food Chicken, Beef & Turkey Flavors", "cnid": "1201202020262054748", "productId": "6920", "size": "16.2 oz box"},
{"thumb": "http://i4.peapod.com/c/KK/KKNHZ.gif", "price": "450", "unit_price": "$.09/ oz", "name": "Friskies Indoor Delights Dry Cat Food w/Chicken, Beef, Turkey & Cheese", "cnid": "1201202020262054748", "productId": "169603", "size": "3.15 lb bag"},
{"thumb": "http://i4.peapod.com/c/KK/KKNHZ.gif", "price": "50", "unit_price": "$.09/ oz", "name": "Friskies Indoor Wet Cat Food Chunky Chicken & Turkey Casserole", "cnid": "1201202020262054748", "productId": "152422", "size": "5.5 oz can"},
{"thumb": "http://i4.peapod.com/c/KK/KKNHZ.gif", "price": "50", "unit_price": "$.09/ oz", "name": "Friskies Indoor Wet Cat Food Classic Pate Chicken Dinner w/Garden Greens", "cnid": "1201202020262054748", "productId": "152420", "size": "5.5 oz can"},
{"thumb": "http://i4.peapod.com/c/KK/KKNHZ.gif", "price": "50", "unit_price": "$.09/ oz", "name": "Friskies Indoor Wet Cat Food Homestyle Turkey with Garden Greens", "cnid": "1201202020262054748", "productId": "152423", "size": "5.5 oz can"},
{"thumb": "http://i4.peapod.com/c/KK/KKNHZ.gif", "price": "50", "unit_price": "$.09/ oz", "name": "Friskies Indoor Wet Cat Food Saucy Seafood Bake with Garden Greens", "cnid": "1201202020262054748", "productId": "158311", "size": "5.5 oz can"},
{"thumb": "http://i4.peapod.com/c/KK/KKNHZ.gif", "price": "450", "unit_price": "$.09/ oz", "name": "Friskies Seafood Sensations Dry Cat Food Ocean Fish Tuna Salmon Crab", "cnid": "1201202020262054748", "productId": "147374", "size": "3.15 lb bag"},
{"thumb": "http://i4.peapod.com/c/KK/KKNHZ.gif", "price": "450", "unit_price": "$.09/ oz", "name": "Friskies Signature Blend Dry Cat Food", "cnid": "1201202020262054748", "productId": "19080", "size": "3.15 lb bag"},
{"thumb": "http://i4.peapod.com/c/KK/KKNHZ.gif", "price": "50", "unit_price": "$.09/ oz", "name": "Friskies Special Diet Wet Cat Food Classic Pate Ocean Whitefish Dinner", "cnid": "1201202020262054748", "productId": "42010", "size": "5.5 oz can"},
{"thumb": "http://i4.peapod.com/c/KK/KKNHZ.gif", "price": "50", "unit_price": "$.09/ oz", "name": "Friskies Special Diet Wet Cat Food Salmon", "cnid": "1201202020262054748", "productId": "92871", "size": "5.5 oz can"},
{"thumb": "http://i4.peapod.com/c/KK/KKNHZ.gif", "price": "50", "unit_price": "$.09/ oz", "name": "Friskies Special Diet Wet Cat Food Sliced Chicken in Gravy Dinner", "cnid": "1201202020262054748", "productId": "92870", "size": "5.5 oz can"},
{"thumb": "http://i4.peapod.com/c/KK/KKNHZ.gif", "price": "450", "unit_price": "$.09/ oz", "name": "Friskies Surfin' & Turfin' Favorites Dry Cat Food", "cnid": "1201202020262054748", "productId": "147373", "size": "3.15 lb bag"},
{"thumb": "http://i4.peapod.com/c/KK/KKNHZ.gif", "price": "50", "unit_price": "$.09/ oz", "name": "Friskies Tasty Treasures Wet Cat Food Chicken, Tuna & Cheese in Gravy", "cnid": "1201202020262054748", "productId": "169614", "size": "5.5 oz can"},
{"thumb": "http://i4.peapod.com/c/KK/KKNHZ.gif", "price": "50", "unit_price": "$.09/ oz", "name": "Friskies Tasty Treasures Wet Cat Food Ocean Fish, Tuna & Cheese in Sauce", "cnid": "1201202020262054748", "productId": "169615", "size": "5.5 oz can"},
{"thumb": "http://i4.peapod.com/c/KK/KKNHZ.gif", "price": "50", "unit_price": "$.09/ oz", "name": "Friskies Wet Cat Food Classic Pate Country Style Dinner", "cnid": "1201202020262054748", "productId": "6956", "size": "5.5 oz can"},
{"thumb": "http://i4.peapod.com/c/KK/KKNHZ.gif", "price": "50", "unit_price": "$.09/ oz", "name": "Friskies Wet Cat Food Classic Pate Liver & Chicken Dinner", "cnid": "1201202020262054748", "productId": "28301", "size": "5.5 oz can"},
{"thumb": "http://i4.peapod.com/c/KK/KKNHZ.gif", "price": "50", "unit_price": "$.09/ oz", "name": "Friskies Wet Cat Food Classic Pate Mariner's Catch", "cnid": "1201202020262054748", "productId": "22646", "size": "5.5 oz can"},
{"thumb": "http://i4.peapod.com/c/KK/KKNHZ.gif", "price": "50", "unit_price": "$.09/ oz", "name": "Friskies Wet Cat Food Classic Pate Mixed Grill", "cnid": "1201202020262054748", "productId": "6952", "size": "5.5 oz can"},
{"thumb": "http://i4.peapod.com/c/KK/KKNHZ.gif", "price": "50", "unit_price": "$.09/ oz", "name": "Friskies Wet Cat Food Classic Pate Turkey & Giblets Dinner", "cnid": "1201202020262054748", "productId": "6953", "size": "5.5 oz can"},
{"thumb": "http://i4.peapod.com/c/KK/KKNHZ.gif", "price": "50", "unit_price": "$.09/ oz", "name": "Friskies Wet Cat Food Flaked Tuna & Egg in Sauce", "cnid": "1201202020262054748", "productId": "59064", "size": "5.5 oz can"},
{"thumb": "http://i4.peapod.com/c/KK/KKNHZ.gif", "price": "50", "unit_price": "$.09/ oz", "name": "Friskies Wet Cat Food Flaked Tuna in Sauce", "cnid": "1201202020262054748", "productId": "59065", "size": "5.5 oz can"},
{"thumb": "http://i4.peapod.com/c/KK/KKNHZ.gif", "price": "50", "unit_price": "$.09/ oz", "name": "Friskies Wet Cat Food Meaty Bits Beef in Gravy", "cnid": "1201202020262054748", "productId": "15482", "size": "5.5 oz can"},
{"thumb": "http://i4.peapod.com/c/KK/KKNHZ.gif", "price": "50", "unit_price": "$.09/ oz", "name": "Friskies Wet Cat Food Meaty Bits Chicken Dinner in Gravy", "cnid": "1201202020262054748", "productId": "29020", "size": "5.5 oz can"},
{"thumb": "http://i4.peapod.com/c/KK/KKNHZ.gif", "price": "1249", "unit_price": "$.09/ oz", "name": "Friskies Wet Cat Food Original Loaf Variety Pack - 24 pk", "cnid": "1201202020262054748", "productId": "60773", "size": "132 oz pkg"},
{"thumb": "http://i4.peapod.com/c/KK/KKNHZ.gif", "price": "1349", "unit_price": "$.19/ oz", "name": "Friskies Wet Cat Food Pouch Favorites Variety Pack - 24 pk", "cnid": "1201202020262054748", "productId": "182261", "size": "72 oz pkg"},
{"thumb": "http://i4.peapod.com/c/KK/KKNHZ.gif", "price": "50", "unit_price": "$.09/ oz", "name": "Friskies Wet Cat Food Prime Filets Chicken in Gravy", "cnid": "1201202020262054748", "productId": "132295", "size": "5.5 oz can"},
{"thumb": "http://i4.peapod.com/c/KK/KKNHZ.gif", "price": "1249", "unit_price": "$.09/ oz", "name": "Friskies Wet Cat Food Prime Filets Meaty Favorites Variety Pack - 24 pk", "cnid": "1201202020262054748", "productId": "161655", "size": "132 oz box"},
{"thumb": "http://i4.peapod.com/c/KK/KKNHZ.gif", "price": "50", "unit_price": "$.09/ oz", "name": "Friskies Wet Cat Food Prime Filets Salmon & Beef in Sauce", "cnid": "1201202020262054748", "productId": "161657", "size": "5.5 oz can"},
{"thumb": "http://i4.peapod.com/c/KK/KKNHZ.gif", "price": "1249", "unit_price": "$.09/ oz", "name": "Friskies Wet Cat Food Prime Filets Seafood Favorites Variety Pack - 24 pk", "cnid": "1201202020262054748", "productId": "161656", "size": "132 oz box"},
{"thumb": "http://i4.peapod.com/c/KK/KKNHZ.gif", "price": "50", "unit_price": "$.09/ oz", "name": "Friskies Wet Cat Food Prime Filets Turkey Dinner in Gravy", "cnid": "1201202020262054748", "productId": "127881", "size": "5.5 oz can"},
{"thumb": "http://i4.peapod.com/c/KK/KKNHZ.gif", "price": "50", "unit_price": "$.09/ oz", "name": "Friskies Wet Cat Food Prime Filets with Beef in Gravy", "cnid": "1201202020262054748", "productId": "127880", "size": "5.5 oz can"},
{"thumb": "http://i4.peapod.com/c/KK/KKNHZ.gif", "price": "50", "unit_price": "$.09/ oz", "name": "Friskies Wet Cat Food Savory Shreds Beef in Gravy", "cnid": "1201202020262054748", "productId": "162001", "size": "5.5 oz can"},
{"thumb": "http://i4.peapod.com/c/KK/KKNHZ.gif", "price": "50", "unit_price": "$.09/ oz", "name": "Friskies Wet Cat Food Savory Shreds Chicken & Salmon Dinner in Gravy", "cnid": "1201202020262054748", "productId": "109295", "size": "5.5 oz can"},
{"thumb": "http://i4.peapod.com/c/KK/KKNHZ.gif", "price": "50", "unit_price": "$.09/ oz", "name": "Friskies Wet Cat Food Savory Shreds Chicken in Gravy", "cnid": "1201202020262054748", "productId": "162000", "size": "5.5 oz can"},
{"thumb": "http://i4.peapod.com/c/KK/KKNHZ.gif", "price": "50", "unit_price": "$.09/ oz", "name": "Friskies Wet Cat Food Savory Shreds Turkey & Cheese Dinner in Gravy", "cnid": "1201202020262054748", "productId": "107096", "size": "5.5 oz can"},
{"thumb": "http://i4.peapod.com/c/KK/KKNHZ.gif", "price": "619", "unit_price": "$.12/ oz", "name": "Iams Dry Cat Food Original with Tuna", "cnid": "1201202020262054748", "productId": "147375", "size": "3.2 lb bag"},
{"thumb": "http://i4.peapod.com/c/KK/KKNHZ.gif", "price": "1049", "unit_price": "$.12/ oz", "name": "Iams ProActive Health Dry Cat Food Original with Chicken", "cnid": "1201202020262054748", "productId": "106945", "size": "5.7 lb bag"},
{"thumb": "http://i4.peapod.com/c/KK/KKNHZ.gif", "price": "619", "unit_price": "$.12/ oz", "name": "Iams ProActive Health Dry Cat Food Original with Chicken", "cnid": "1201202020262054748", "productId": "106943", "size": "3.2 lb bag"},
{"thumb": "http://i4.peapod.com/c/KK/KKNHZ.gif", "price": "109", "unit_price": "$.20/ oz", "name": "Iams ProActive Health Premium Wet Cat Food Filets Skipjack Tuna in Sauce", "cnid": "1201202020262054748", "productId": "162790", "size": "5.5 oz can"},
{"thumb": "http://i4.peapod.com/c/KK/KKNHZ.gif", "price": "80", "unit_price": "$.27/ oz", "name": "Iams ProActive Health Premium Wet Cat Food Pate Lamb & Rice", "cnid": "1201202020262054748", "productId": "114901", "size": "3 oz can"},
{"thumb": "http://i4.peapod.com/c/KK/KKNHZ.gif", "price": "80", "unit_price": "$.27/ oz", "name": "Iams ProActive Health Premium Wet Cat Food Pate Tender Beef", "cnid": "1201202020262054748", "productId": "160614", "size": "3 oz can"},
{"thumb": "http://i4.peapod.com/c/KK/KKNHZ.gif", "price": "80", "unit_price": "$.27/ oz", "name": "Iams ProActive Health Premium Wet Cat Food Pate with Gourmet Chicken", "cnid": "1201202020262054748", "productId": "106930", "size": "3 oz can"},
{"thumb": "http://i4.peapod.com/c/KK/KKNHZ.gif", "price": "109", "unit_price": "$.20/ oz", "name": "Iams ProActive Health Premium Wet Cat Food Pate with Gourmet Chicken", "cnid": "1201202020262054748", "productId": "160591", "size": "5.5 oz can"},
{"thumb": "http://i4.peapod.com/c/KK/KKNHZ.gif", "price": "80", "unit_price": "$.27/ oz", "name": "Iams ProActive Health Wet Kitten Food Pate with Gourmet Chicken", "cnid": "1201202020262054748", "productId": "160116", "size": "3 oz can"},
{"thumb": "http://i4.peapod.com/c/KK/KKNHZ.gif", "price": "1399", "unit_price": "$.05/ oz", "name": "Meow Mix Dry Cat Food Original Choice", "cnid": "1201202020262054748", "productId": "82316", "size": "16 lb bag"},
{"thumb": "http://i4.peapod.com/c/KK/KKNHZ.gif", "price": "479", "unit_price": "$.09/ oz", "name": "Meow Mix Dry Cat Food Original Choice", "cnid": "1201202020262054748", "productId": "1339", "size": "3.15 lb bag"},
{"thumb": "http://i4.peapod.com/c/KK/KKNHZ.gif", "price": "649", "unit_price": "$.20/ oz", "name": "Meow Mix Market Select Wet Cat Food Beef & Poultry Variety Pack - 12 pk", "cnid": "1201202020262054748", "productId": "147468", "size": "33 oz pkg"},
{"thumb": "http://i4.peapod.com/c/KK/KKNHZ.gif", "price": "649", "unit_price": "$.20/ oz", "name": "Meow Mix Wet Cat Food Seafood Favoties Variety Pack - 12 pk", "cnid": "1201202020262054748", "productId": "148949", "size": "33 oz pkg"},
{"thumb": "http://i4.peapod.com/c/KK/KKNHZ.gif", "price": "149", "unit_price": "$.27/ oz", "name": "Newman's Own Organics Wet Cat Food Chicken & Brown Rice Formula", "cnid": "1201202020262054748", "productId": "144872", "size": "5.5 oz can"},
{"thumb": "http://i4.peapod.com/c/KK/KKNHZ.gif", "price": "549", "unit_price": "$.11/ oz", "name": "Purina Cat Chow Dry Cat Food Complete Formula", "cnid": "1201202020262054748", "productId": "1336", "size": "3.15 lb bag"},
{"thumb": "http://i4.peapod.com/c/KK/KKNHZ.gif", "price": "549", "unit_price": "$.11/ oz", "name": "Purina Cat Chow Dry Cat Food Indoor Formula", "cnid": "1201202020262054748", "productId": "90492", "size": "3.15 lb bag"},
{"thumb": "http://i4.peapod.com/c/KK/KKNHZ.gif", "price": "899", "unit_price": "$.09/ oz", "name": "Purina Cat Chow Dry Cat Food Indoor Formula", "cnid": "1201202020262054748", "productId": "140775", "size": "6.3 lb bag"},
{"thumb": "http://i4.peapod.com/c/KK/KKNHZ.gif", "price": "1299", "unit_price": "$.05/ oz", "name": "Purina Cat Chow Dry Cat Food Indoor Formula", "cnid": "1201202020262054748", "productId": "161263", "size": "16 lb bag"},
{"thumb": "http://i4.peapod.com/c/KK/KKNHZ.gif", "price": "549", "unit_price": "$.11/ oz", "name": "Purina Cat Chow Naturals Dry Cat Food Plus Vitamins & Minerals", "cnid": "1201202020262054748", "productId": "145522", "size": "3.15 lb bag"},
{"thumb": "http://i4.peapod.com/c/KK/KKNHZ.gif", "price": "679", "unit_price": "$.12/ oz", "name": "Purina Deli-Cat Dry Cat Food", "cnid": "1201202020262054748", "productId": "13780", "size": "3.5 lb jug"},
{"thumb": "http://i4.peapod.com/c/KK/KKNHZ.gif", "price": "650", "unit_price": "$.12/ oz", "name": "Purina ONE Advanced Nutrition Hairball Formula Dry Cat Food", "cnid": "1201202020262054748", "productId": "127831", "size": "3.5 lb bag"},
{"thumb": "http://i4.peapod.com/c/KK/KKNHZ.gif", "price": "650", "unit_price": "$.14/ oz", "name": "Purina ONE BeyOnd Adult Dry Cat Food Chicken & Whole Oat Meal Recipe", "cnid": "1201202020262054748", "productId": "170159", "size": "3 lb bag"},
{"thumb": "http://i4.peapod.com/c/KK/KKNHZ.gif", "price": "650", "unit_price": "$.14/ oz", "name": "Purina ONE BeyOnd Adult Dry Cat Food Salmon & Whole Brown Rice Recipe", "cnid": "1201202020262054748", "productId": "170163", "size": "3 lb bag"},
{"thumb": "http://i4.peapod.com/c/KK/KKNHZ.gif", "price": "650", "unit_price": "$.12/ oz", "name": "Purina ONE Indoor Advantage Dry Cat Food Hairball & Healthy Weight Formula", "cnid": "1201202020262054748", "productId": "164897", "size": "3.5 lb bag"},
{"thumb": "http://i4.peapod.com/c/KK/KKNHZ.gif", "price": "650", "unit_price": "$.12/ oz", "name": "Purina ONE SmartBalance Dry Cat Food Salmon & Tuna Flavor", "cnid": "1201202020262054748", "productId": "81946", "size": "3.5 lb bag"},
{"thumb": "http://i4.peapod.com/c/KK/KKNHZ.gif", "price": "650", "unit_price": "$.12/ oz", "name": "Purina ONE SmartBlend Dry Cat Food Chicken & Rice Formula", "cnid": "1201202020262054748", "productId": "14785", "size": "3.5 lb bag"},
{"thumb": "http://i4.peapod.com/c/KK/KKNHZ.gif", "price": "650", "unit_price": "$.12/ oz", "name": "Purina ONE Special Care Dry Cat Food Urinary Tract Health Formula", "cnid": "1201202020262054748", "productId": "15514", "size": "3.5 lb bag"},
{"thumb": "http://i4.peapod.com/c/KK/KKNHZ.gif", "price": "650", "unit_price": "$.12/ oz", "name": "Purina ONE Vibrant Maturity Dry Cat Food 7+ Senior Formula", "cnid": "1201202020262054748", "productId": "150390", "size": "3.5 lb bag"},
{"thumb": "http://i4.peapod.com/c/KK/KKNHZ.gif", "price": "120", "unit_price": "$.40/ oz", "name": "Purina Whisker Lickin's Tender Moments Cat Treats Chicken", "cnid": "1201202020262054748", "productId": "42048", "size": "3 oz bag"},
{"thumb": "http://i4.peapod.com/c/KK/KKNHZ.gif", "price": "200", "unit_price": "$.95/ oz", "name": "Temptations Cat Treats Hairball Control Chicken Flavor", "cnid": "1201202020262054748", "productId": "145201", "size": "2.1 oz bag"},
{"thumb": "http://i4.peapod.com/c/KK/KKNHZ.gif", "price": "200", "unit_price": "$.67/ oz", "name": "Temptations Cat Treats Savory Salmon Flavor", "cnid": "1201202020262054748", "productId": "122752", "size": "3 oz bag"},
{"thumb": "http://i4.peapod.com/c/KK/KKNHZ.gif", "price": "200", "unit_price": "$.81/ oz", "name": "Temptations Cat Treats Yellow Fin Tuna Flavor All Natural", "cnid": "1201202020262054748", "productId": "158319", "size": "2.47 oz bag"},
{"thumb": "http://i4.peapod.com/c/KK/KKNHZ.gif", "price": "559", "unit_price": "$.16/ oz", "name": "Whiskas Choice Cuts Wet Cat Food Poultry Variety Pack - 12 pk", "cnid": "1201202020262054748", "productId": "124182", "size": "36 oz box"},
{"thumb": "http://i4.peapod.com/c/KK/KKNHZ.gif", "price": "559", "unit_price": "$.16/ oz", "name": "Whiskas Choice Cuts Wet Cat Food Seafood Variety Pack - 12 pk", "cnid": "1201202020262054748", "productId": "124183", "size": "36 oz box"},
{"thumb": "http://i4.peapod.com/c/KK/KKNHZ.gif", "price": "65", "unit_price": "$.19/ oz", "name": "Whiskas Wet Cat Food Rotisserie Chicken Flavor in Meaty Juices", "cnid": "1201202020262054748", "productId": "155852", "size": "3.5 oz can"},
{"thumb": "http://i4.peapod.com/c/KK/KKNHZ.gif", "price": "779", "unit_price": "$.78/ ea", "name": "Airborne Effervescent Health Formula Dietary Supplement Lemon-Lime Tablets", "cnid": "1342", "productId": "142873", "size": "10 ct box"},
{"thumb": "http://i4.peapod.com/c/KK/KKNHZ.gif", "price": "779", "unit_price": "$.78/ ea", "name": "Airborne Effervescent Health Formula Dietary Supplement Orange Tablets", "cnid": "1342", "productId": "139403", "size": "10 ct box"},
{"thumb": "http://i4.peapod.com/c/KK/KKNHZ.gif", "price": "1499", "unit_price": "$.12/ ea", "name": "Caltrate 600+D Calcium Supplement Tablets", "cnid": "1342", "productId": "95024", "size": "120 ct btl"},
{"thumb": "http://i4.peapod.com/c/KK/KKNHZ.gif", "price": "699", "unit_price": "$.12/ ea", "name": "Caltrate 600+D Calcium Supplement Tablets", "cnid": "1342", "productId": "39890", "size": "60 ct btl"},
{"thumb": "http://i4.peapod.com/c/KK/KKNHZ.gif", "price": "699", "unit_price": "$.12/ ea", "name": "Caltrate 600+D Plus Minerals Calcium Supplement Assorted Fruit Chewables", "cnid": "1342", "productId": "61752", "size": "60 ct btl"},
{"thumb": "http://i4.peapod.com/c/KK/KKNHZ.gif", "price": "699", "unit_price": "$.12/ ea", "name": "Caltrate 600+D Plus Minerals Calcium Supplement Tablets", "cnid": "1342", "productId": "39882", "size": "60 ct btl"},
{"thumb": "http://i4.peapod.com/c/KK/KKNHZ.gif", "price": "659", "unit_price": "$.11/ ea", "name": "CareOne Calcium Soft Chews Supplement with Vitamins D & K Milk Chocolate", "cnid": "1342", "productId": "163975", "size": "60 ct pkg"},
{"thumb": "http://i4.peapod.com/c/KK/KKNHZ.gif", "price": "899", "unit_price": "$.56/ oz", "name": "CareOne Whey Protein Dietary Supplement Rich Chocolate", "cnid": "1342", "productId": "155426", "size": "16 oz can"},
{"thumb": "http://i4.peapod.com/c/KK/KKNHZ.gif", "price": "699", "unit_price": "$.07/ ea", "name": "Centrum Multivitamin & Multimineral Supplement Tablets (For 50 & Under)", "cnid": "1342", "productId": "158679", "size": "100 ct btl"},
{"thumb": "http://i4.peapod.com/c/KK/KKNHZ.gif", "price": "1299", "unit_price": "$.11/ ea", "name": "Citracal Calcium Citrate + D3 Maximum Caplet Dose Coated Caplets", "cnid": "1342", "productId": "102886", "size": "120 ct btl"},
{"thumb": "http://i4.peapod.com/c/KK/KKNHZ.gif", "price": "1299", "unit_price": "$.09/ ea", "name": "Citracal Calcium Citrate 250 mg + D Coated Caplets", "cnid": "1342", "productId": "148211", "size": "150 ct btl"},
{"thumb": "http://i4.peapod.com/c/KK/KKNHZ.gif", "price": "1299", "unit_price": "$.06/ ea", "name": "Citracal Calcium Citrate Petites with Vitamin D3 Coated Tablets", "cnid": "1342", "productId": "148034", "size": "200 ct btl"},
{"thumb": "http://i4.peapod.com/c/KK/KKNHZ.gif", "price": "1499", "unit_price": "$.10/ ea", "name": "Flintstones Children's Multivitamin & Mineral Gummies Assorted Flavors", "cnid": "1342", "productId": "145841", "size": "150 ct btl"},
{"thumb": "http://i4.peapod.com/c/KK/KKNHZ.gif", "price": "599", "unit_price": "$.10/ ea", "name": "Flintstones Children's Multivitamin & Mineral Gummies Assorted Flavors", "cnid": "1342", "productId": "39620", "size": "60 ct btl"},
{"thumb": "http://i4.peapod.com/c/KK/KKNHZ.gif", "price": "599", "unit_price": "$.10/ ea", "name": "Flintstones Complete Multivitamin Chewable Tablets", "cnid": "1342", "productId": "11636", "size": "60 ct btl"},
{"thumb": "http://i4.peapod.com/c/KK/KKNHZ.gif", "price": "1499", "unit_price": "$.10/ ea", "name": "Flintstones Complete Multivitamin Chewable Tablets", "cnid": "1342", "productId": "131063", "size": "150 ct btl"},
{"thumb": "http://i4.peapod.com/c/KK/KKNHZ.gif", "price": "599", "unit_price": "$.12/ ea", "name": "Flintstones Gummies Children's Multivitamin with Calcium & Vitamin D", "cnid": "1342", "productId": "163968", "size": "50 ct btl"},
{"thumb": "http://i4.peapod.com/c/KK/KKNHZ.gif", "price": "599", "unit_price": "$.10/ ea", "name": "Flintstones Multivitamin Plus Iron Chewable Tablets", "cnid": "1342", "productId": "11632", "size": "60 ct btl"},
{"thumb": "http://i4.peapod.com/c/KK/KKNHZ.gif", "price": "189", "unit_price": "$.08/ ea", "name": "Halls Defense Supplement Drops Vitamin C Blueberry Sugar Free", "cnid": "1342", "productId": "174914", "size": "25 ct bag"},
{"thumb": "http://i4.peapod.com/c/KK/KKNHZ.gif", "price": "189", "unit_price": "$.06/ ea", "name": "Halls Defense Vitamin C Supplement Drops Assorted Citrus", "cnid": "1342", "productId": "40054", "size": "30 ct bag"},
{"thumb": "http://i4.peapod.com/c/KK/KKNHZ.gif", "price": "189", "unit_price": "$.08/ ea", "name": "Halls Defense Vitamin C Supplement Drops Assorted Citrus Sugar Free", "cnid": "1342", "productId": "163935", "size": "25 ct bag"},
{"thumb": "http://i4.peapod.com/c/KK/KKNHZ.gif", "price": "1399", "unit_price": "$.14/ ea", "name": "Nature Made 100% Natural Vitamin E 400 IU Softgels", "cnid": "1342", "productId": "59871", "size": "100 ct btl"},
{"thumb": "http://i4.peapod.com/c/KK/KKNHZ.gif", "price": "1499", "unit_price": "$.19/ ea", "name": "Nature Made Adult Calcium Gummies Cherry, Orange & Strawberry", "cnid": "1342", "productId": "191283", "size": "80 ct btl"},
{"thumb": "http://i4.peapod.com/c/KK/KKNHZ.gif", "price": "1299", "unit_price": "$.13/ ea", "name": "Nature Made Calcium 600 mg with Vitamin D Liquid Softgels", "cnid": "1342", "productId": "150931", "size": "100 ct btl"},
{"thumb": "http://i4.peapod.com/c/KK/KKNHZ.gif", "price": "499", "unit_price": "$.05/ ea", "name": "Nature Made Calcium Magnesium & Zinc Tablets", "cnid": "1342", "productId": "59876", "size": "100 ct btl"},
{"thumb": "http://i4.peapod.com/c/KK/KKNHZ.gif", "price": "2999", "unit_price": "$.75/ ea", "name": "Nature Made CoQ-10 200 mg Liquid Softgels", "cnid": "1342", "productId": "129363", "size": "40 ct btl"},
{"thumb": "http://i4.peapod.com/c/KK/KKNHZ.gif", "price": "1049", "unit_price": "$.12/ ea", "name": "Nature Made Essential Man Multivitamin Tablets", "cnid": "1342", "productId": "129356", "size": "90 ct btl"},
{"thumb": "http://i4.peapod.com/c/KK/KKNHZ.gif", "price": "1699", "unit_price": "$.19/ ea", "name": "Nature Made Fish Oil Double Strength 1200 mg Premium Softgels", "cnid": "1342", "productId": "146796", "size": "90 ct btl"},
{"thumb": "http://i4.peapod.com/c/KK/KKNHZ.gif", "price": "949", "unit_price": "$.09/ ea", "name": "Nature Made Fish Oil Omega-3 1200 mg Softgels", "cnid": "1342", "productId": "129364", "size": "100 ct btl"},
{"thumb": "http://i4.peapod.com/c/KK/KKNHZ.gif", "price": "1499", "unit_price": "$.10/ ea", "name": "Nature Made Fish Oil with Omega-3 Burp-Less 1000 mg Liquid Softgels", "cnid": "1342", "productId": "187804", "size": "150 ct btl"},
{"thumb": "http://i4.peapod.com/c/KK/KKNHZ.gif", "price": "1049", "unit_price": "$.12/ ea", "name": "Nature Made for Him 50+ Multivitamin Tablets", "cnid": "1342", "productId": "146958", "size": "90 ct btl"},
{"thumb": "http://i4.peapod.com/c/KK/KKNHZ.gif", "price": "1099", "unit_price": "$.06/ ea", "name": "Nature Made Iron 65 mg Tablets", "cnid": "1342", "productId": "162473", "size": "180 ct btl"},
{"thumb": "http://i4.peapod.com/c/KK/KKNHZ.gif", "price": "449", "unit_price": "$.05/ ea", "name": "Nature Made Magnesium (Oxide) 250 mg Tablets", "cnid": "1342", "productId": "23677", "size": "100 ct btl"},
{"thumb": "http://i4.peapod.com/c/KK/KKNHZ.gif", "price": "1999", "unit_price": "$1.67/ ea", "name": "Nature Made MoodPlus SAM-e Double Strength 400 mg Tablets", "cnid": "1342", "productId": "129347", "size": "12 ct btl"},
{"thumb": "http://i4.peapod.com/c/KK/KKNHZ.gif", "price": "1049", "unit_price": "$.08/ ea", "name": "Nature Made Multi Complete with Iron Multi Vitamin Tablets", "cnid": "1342", "productId": "166311", "size": "130 ct btl"},
{"thumb": "http://i4.peapod.com/c/KK/KKNHZ.gif", "price": "1049", "unit_price": "$.12/ ea", "name": "Nature Made Multi for Her 50+ Multivitamin Tablets", "cnid": "1342", "productId": "131469", "size": "90 ct btl"},
{"thumb": "http://i4.peapod.com/c/KK/KKNHZ.gif", "price": "1049", "unit_price": "$.12/ ea", "name": "Nature Made Multi For Her with Iron & Calcium", "cnid": "1342", "productId": "129359", "size": "90 ct btl"},
{"thumb": "http://i4.peapod.com/c/KK/KKNHZ.gif", "price": "1299", "unit_price": "$.54/ ea", "name": "Nature Made Multi Prenatal with Folic Acid Tablets", "cnid": "1342", "productId": "141784", "size": "90 ct btl"},
{"thumb": "http://i4.peapod.com/c/KK/KKNHZ.gif", "price": "1499", "unit_price": "$.08/ ea", "name": "Nature Made Omega-3 Fish Oil 1200 mg Softgels", "cnid": "1342", "productId": "141928", "size": "180 ct btl"},
{"thumb": "http://i4.peapod.com/c/KK/KKNHZ.gif", "price": "1099", "unit_price": "$.18/ ea", "name": "Nature Made Omega-3 Fish Oil Burp-Less 1200 mg Premium Liquid Softgels", "cnid": "1342", "productId": "141788", "size": "60 ct btl"},
{"thumb": "http://i4.peapod.com/c/KK/KKNHZ.gif", "price": "449", "unit_price": "$.05/ ea", "name": "Nature Made Potassium Gluconate 550 mg Tablets", "cnid": "1342", "productId": "23678", "size": "100 ct btl"},
{"thumb": "http://i4.peapod.com/c/KK/KKNHZ.gif", "price": "3999", "unit_price": "$.33/ ea", "name": "Nature Made TripleFlex Triple Strength Glucosamine Chondroitin MSM Caplets", "cnid": "1342", "productId": "142199", "size": "120 ct btl"},
{"thumb": "http://i4.peapod.com/c/KK/KKNHZ.gif", "price": "899", "unit_price": "$.12/ ea", "name": "Nature Made Vitamin B-12 1000 mcg Timed Release Tablets", "cnid": "1342", "productId": "184978", "size": "75 ct btl"},
{"thumb": "http://i4.peapod.com/c/KK/KKNHZ.gif", "price": "749", "unit_price": "$.08/ ea", "name": "Nature Made Vitamin B-12 500 mcg Tablets", "cnid": "1342", "productId": "129351", "size": "100 ct btl"},
{"thumb": "http://i4.peapod.com/c/KK/KKNHZ.gif", "price": "1099", "unit_price": "$.18/ ea", "name": "Nature Made Vitamin Balanced B-100 Timed Release Tablets", "cnid": "1342", "productId": "39366", "size": "60 ct btl"},
{"thumb": "http://i4.peapod.com/c/KK/KKNHZ.gif", "price": "1199", "unit_price": "$.12/ ea", "name": "Nature Made Vitamin C 1000 mg Tablets", "cnid": "1342", "productId": "39616", "size": "100 ct btl"},
{"thumb": "http://i4.peapod.com/c/KK/KKNHZ.gif", "price": "749", "unit_price": "$.12/ ea", "name": "Nature Made Vitamin C 500 mg Orange Flavor Chewable Tablets", "cnid": "1342", "productId": "38440", "size": "60 ct btl"},
{"thumb": "http://i4.peapod.com/c/KK/KKNHZ.gif", "price": "999", "unit_price": "$.10/ ea", "name": "Nature Made Vitamin D 1000 IU Tablets", "cnid": "1342", "productId": "154407", "size": "100 ct btl"},
{"thumb": "http://i4.peapod.com/c/KK/KKNHZ.gif", "price": "999", "unit_price": "$.10/ ea", "name": "Nature Made Vitamin D 2000 IU Maximum Strength Tablets", "cnid": "1342", "productId": "150836", "size": "100 ct btl"},
{"thumb": "http://i4.peapod.com/c/KK/KKNHZ.gif", "price": "999", "unit_price": "$.10/ ea", "name": "Nature Made Vitamin D3 1000 IU Liquid Softgels", "cnid": "1342", "productId": "150933", "size": "100 ct btl"},
{"thumb": "http://i4.peapod.com/c/KK/KKNHZ.gif", "price": "1099", "unit_price": "$.12/ ea", "name": "Nature Made Vitamin D3 2000 IU Liquid Softgels", "cnid": "1342", "productId": "166320", "size": "90 ct btl"},
{"thumb": "http://i4.peapod.com/c/KK/KKNHZ.gif", "price": "499", "unit_price": "$.05/ ea", "name": "Nature Made Vitamin D3 400 IU Tablets", "cnid": "1342", "productId": "188279", "size": "100 ct btl"},
{"thumb": "http://i4.peapod.com/c/KK/KKNHZ.gif", "price": "1699", "unit_price": "$.19/ ea", "name": "Nature Made Vitamin D3 5000 IU Ultra Strength Liquid Softgels", "cnid": "1342", "productId": "166329", "size": "90 ct btl"},
{"thumb": "http://i4.peapod.com/c/KK/KKNHZ.gif", "price": "999", "unit_price": "$.10/ ea", "name": "Nature Made Vitamin E 400 IU Liquid Softgels", "cnid": "1342", "productId": "59866", "size": "100 ct btl"},
{"thumb": "http://i4.peapod.com/c/KK/KKNHZ.gif", "price": "699", "unit_price": "$.07/ ea", "name": "One A Day Men's Health Formula Complete Multivitamin Tablets", "cnid": "1342", "productId": "33952", "size": "100 ct pkg"},
{"thumb": "http://i4.peapod.com/c/KK/KKNHZ.gif", "price": "1599", "unit_price": "$.08/ ea", "name": "One A Day Men's Health Formula Complete Multivitamin Tablets", "cnid": "1342", "productId": "163972", "size": "200 ct btl"},
{"thumb": "http://i4.peapod.com/c/KK/KKNHZ.gif", "price": "699", "unit_price": "$.14/ ea", "name": "One A Day Men's Pro Edge Complete Multivitamin Tablets", "cnid": "1342", "productId": "159999", "size": "50 ct pkg"},
{"thumb": "http://i4.peapod.com/c/KK/KKNHZ.gif", "price": "699", "unit_price": "$.14/ ea", "name": "One A Day VitaCraves Adult Complete Multivitamin Gummies", "cnid": "1342", "productId": "155798", "size": "50 ct btl"},
{"thumb": "http://i4.peapod.com/c/KK/KKNHZ.gif", "price": "699", "unit_price": "$.14/ ea", "name": "One A Day Women's Active Metabolism Complete Multivitamin Tablets", "cnid": "1342", "productId": "130276", "size": "50 ct pkg"},
{"thumb": "http://i4.peapod.com/c/KK/KKNHZ.gif", "price": "1799", "unit_price": "$.36/ ea", "name": "One A Day Women's Menopause Formula Complete Multivitamin Tablets", "cnid": "1342", "productId": "159998", "size": "50 ct pkg"},
{"thumb": "http://i4.peapod.com/c/KK/KKNHZ.gif", "price": "699", "unit_price": "$.07/ ea", "name": "One A Day Women's Multivitamin with Breast & Bone Health Support Tablets", "cnid": "1342", "productId": "1202", "size": "100 ct pkg"},
{"thumb": "http://i4.peapod.com/c/KK/KKNHZ.gif", "price": "1649", "unit_price": "$.10/ ea", "name": "Os-Cal 500+D Calcium with Vitamin D Supplement Tablets", "cnid": "1342", "productId": "95023", "size": "160 ct btl"},
{"thumb": "http://i4.peapod.com/c/KK/KKNHZ.gif", "price": "999", "unit_price": "$.31/ ea", "name": "Schiff Digestive Advantage Lactose Defense Formula Supplement Capsules", "cnid": "1342", "productId": "148545", "size": "32 ct box"},
{"thumb": "http://i4.peapod.com/c/KK/KKNHZ.gif", "price": "899", "unit_price": "$.56/ oz", "name": "Stop & Shop Fitness Whey Protein Vanilla", "cnid": "1342", "productId": "191600", "size": "16 oz can"},
{"thumb": "http://i4.peapod.com/c/KK/KKNHZ.gif", "price": "499", "unit_price": "$.14/ ea", "name": "Alka-Seltzer Antacid Original Effervescent Tablets", "cnid": "1334", "productId": "29391", "size": "36 ct box"},
{"thumb": "http://i4.peapod.com/c/KK/KKNHZ.gif", "price": "549", "unit_price": "$.18/ ea", "name": "Beano Dietary Supplement Natural Food Enzyme Tablets", "cnid": "1334", "productId": "29378", "size": "30 ct btl"},
{"thumb": "http://i4.peapod.com/c/KK/KKNHZ.gif", "price": "359", "unit_price": "$.22/ oz", "name": "CareOne Mineral Oil", "cnid": "1334", "productId": "58356", "size": "16 oz btl"},
{"thumb": "http://i4.peapod.com/c/KK/KKNHZ.gif", "price": "1599", "unit_price": "$.57/ ea", "name": "CareOne Omeprazole 20 mg Acid Reducer Delayed Release Tablets", "cnid": "1334", "productId": "150741", "size": "28 ct box"},
{"thumb": "http://i4.peapod.com/c/KK/KKNHZ.gif", "price": "549", "unit_price": "$.05/ ea", "name": "CareOne Stool Softener Capsules", "cnid": "1334", "productId": "150527", "size": "100 ct pkg"},
{"thumb": "http://i4.peapod.com/c/KK/KKNHZ.gif", "price": "999", "unit_price": "$.04/ ea", "name": "CareOne Stool Softener Docusate Sodium 100 mg Capsules", "cnid": "1334", "productId": "151459", "size": "250 ct btl"},
{"thumb": "http://i4.peapod.com/c/KK/KKNHZ.gif", "price": "1299", "unit_price": "$.43/ ea", "name": "Colace Stool Softener 100 mg Capsules", "cnid": "1334", "productId": "12120", "size": "30 ct btl"},
{"thumb": "http://i4.peapod.com/c/KK/KKNHZ.gif", "price": "499", "unit_price": "$.42/ ea", "name": "Dramamine Motion Sickness Relief Original Formula Tablets", "cnid": "1334", "productId": "45252", "size": "12 ct pkg"},
{"thumb": "http://i4.peapod.com/c/KK/KKNHZ.gif", "price": "2299", "unit_price": "$.23/ ea", "name": "Dulcolax Laxative Overnight Relief Tablets", "cnid": "1334", "productId": "163946", "size": "100 ct box"},
{"thumb": "http://i4.peapod.com/c/KK/KKNHZ.gif", "price": "249", "unit_price": "$.28/ oz", "name": "Fleet Enema Adult Latex Free Twin Pack", "cnid": "1334", "productId": "99933", "size": "9 oz pkg"},
{"thumb": "http://i4.peapod.com/c/KK/KKNHZ.gif", "price": "569", "unit_price": "$.32/ ea", "name": "Gas-X Extra Strength Chewable Tablets Cherry", "cnid": "1334", "productId": "27055", "size": "18 ct pkg"},
{"thumb": "http://i4.peapod.com/c/KK/KKNHZ.gif", "price": "659", "unit_price": "$1.65/ oz", "name": "Imodium A-D Anti-Diarrheal Liquid For Ages 6 Years & Up Mint Flavor", "cnid": "1334", "productId": "174908", "size": "4 oz btl"},
{"thumb": "http://i4.peapod.com/c/KK/KKNHZ.gif", "price": "1399", "unit_price": "$.23/ ea", "name": "Lactaid Fast Act Dietary Supplements Chewable Tablets", "cnid": "1334", "productId": "137628", "size": "60 ct box"},
{"thumb": "http://i4.peapod.com/c/KK/KKNHZ.gif", "price": "1849", "unit_price": "$1.03/ oz", "name": "MiraLAX Laxative Powder for Solution 30 Once-Daily Doses", "cnid": "1334", "productId": "147067", "size": "17.9 oz btl"},
{"thumb": "http://i4.peapod.com/c/KK/KKNHZ.gif", "price": "1299", "unit_price": "$1.57/ oz", "name": "MiraLAX Powder For Solution Laxative 14 Once-Daily Doses", "cnid": "1334", "productId": "149965", "size": "8.3 oz pkg"},
{"thumb": "http://i4.peapod.com/c/KK/KKNHZ.gif", "price": "549", "unit_price": "$.16/ oz", "name": "Pedialyte Fruit Flavor Oral Electrolyte Maintenance Solution", "cnid": "1334", "productId": "7893", "size": "1 ltr btl"},
{"thumb": "http://i4.peapod.com/c/KK/KKNHZ.gif", "price": "549", "unit_price": "$.16/ oz", "name": "Pedialyte Grape Oral Electrolyte Maintenance Solution", "cnid": "1334", "productId": "49124", "size": "1 ltr btl"},
{"thumb": "http://i4.peapod.com/c/KK/KKNHZ.gif", "price": "549", "unit_price": "$.16/ oz", "name": "Pedialyte Unflavored Oral Electrolyte Maintenance Solution", "cnid": "1334", "productId": "7892", "size": "1 ltr btl"},
{"thumb": "http://i4.peapod.com/c/KK/KKNHZ.gif", "price": "1049", "unit_price": "$.35/ ea", "name": "Pepcid AC Acid Reducer Tablets", "cnid": "1334", "productId": "77416", "size": "30 ct pkg"},
{"thumb": "http://i4.peapod.com/c/KK/KKNHZ.gif", "price": "649", "unit_price": "$.54/ oz", "name": "Pepto Bismol Liquid", "cnid": "1334", "productId": "160604", "size": "12 oz btl"},
{"thumb": "http://i4.peapod.com/c/KK/KKNHZ.gif", "price": "459", "unit_price": "$.57/ oz", "name": "Pepto Bismol Liquid", "cnid": "1334", "productId": "10259", "size": "8 oz btl"},
{"thumb": "http://i4.peapod.com/c/KK/KKNHZ.gif", "price": "669", "unit_price": "$.56/ oz", "name": "Pepto Bismol Max Strength Liquid", "cnid": "1334", "productId": "29382", "size": "12 oz btl"},
{"thumb": "http://i4.peapod.com/c/KK/KKNHZ.gif", "price": "519", "unit_price": "$.17/ ea", "name": "Pepto Bismol Original Chewable Tablets", "cnid": "1334", "productId": "20670", "size": "30 ct box"},
{"thumb": "http://i4.peapod.com/c/KK/KKNHZ.gif", "price": "399", "unit_price": "$.33/ oz", "name": "Phillips' Milk Of Magnesia Sugar Free Original", "cnid": "1334", "productId": "35660", "size": "12 oz btl"},
{"thumb": "http://i4.peapod.com/c/KK/KKNHZ.gif", "price": "1199", "unit_price": "$.86/ ea", "name": "Prevacid for Heartburn Relief & Acid Reflux Caplets", "cnid": "1334", "productId": "155720", "size": "14 ct box"},
{"thumb": "http://i4.peapod.com/c/KK/KKNHZ.gif", "price": "2199", "unit_price": "$.79/ ea", "name": "Prevacid for Heartburn Relief & Acid Reflux Caplets", "cnid": "1334", "productId": "157085", "size": "28 ct box"},
{"thumb": "http://i4.peapod.com/c/KK/KKNHZ.gif", "price": "2699", "unit_price": "$.64/ ea", "name": "Prilosec OTC Tablets Acid Reducer", "cnid": "1334", "productId": "132510", "size": "42 ct box"},
{"thumb": "http://i4.peapod.com/c/KK/KKNHZ.gif", "price": "2099", "unit_price": "$.75/ ea", "name": "Prilosec OTC Tablets Acid Reducer", "cnid": "1334", "productId": "132509", "size": "28 ct box"},
{"thumb": "http://i4.peapod.com/c/KK/KKNHZ.gif", "price": "699", "unit_price": "$.70/ ea", "name": "Senokot-S Natural Vegetable Laxative Ingredient Plus Stool Softener", "cnid": "1334", "productId": "154355", "size": "10 ct box"},
{"thumb": "http://i4.peapod.com/c/KK/KKNHZ.gif", "price": "429", "unit_price": "$.05/ ea", "name": "TUMS Antacid & Calcium Supplement Extra Strength 750 Assorted Berries", "cnid": "1334", "productId": "107387", "size": "96 ct btl"},
{"thumb": "http://i4.peapod.com/c/KK/KKNHZ.gif", "price": "429", "unit_price": "$.05/ ea", "name": "TUMS Antacid & Calcium Supplement Extra Strength 750 Assorted Fruit", "cnid": "1334", "productId": "39712", "size": "96 ct btl"},
{"thumb": "http://i4.peapod.com/c/KK/KKNHZ.gif", "price": "429", "unit_price": "$.05/ ea", "name": "TUMS Antacid & Calcium Supplement Extra Strength 750 Sugar Free Orange", "cnid": "1334", "productId": "60570", "size": "80 ct btl"},
{"thumb": "http://i4.peapod.com/c/KK/KKNHZ.gif", "price": "429", "unit_price": "$.06/ ea", "name": "TUMS Antacid & Calcium Supplement Max Strength Ultra 1000 Assorted Fruit", "cnid": "1334", "productId": "29255", "size": "72 ct btl"},
{"thumb": "http://i4.peapod.com/c/KK/KKNHZ.gif", "price": "899", "unit_price": "$.06/ ea", "name": "TUMS Antacid & Calcium Supplement Max Strength Ultra Assorted Berries", "cnid": "1334", "productId": "130586", "size": "160 ct btl"},
{"thumb": "http://i4.peapod.com/c/KK/KKNHZ.gif", "price": "429", "unit_price": "$.03/ ea", "name": "TUMS Antacid & Calcium Supplement Regular Strength Assorted Fruit Tablets", "cnid": "1334", "productId": "29388", "size": "150 ct btl"},
{"thumb": "http://i4.peapod.com/c/KK/KKNHZ.gif", "price": "429", "unit_price": "$.09/ ea", "name": "TUMS Freshers Antacid & Fresh Breath Cool Mint 25 ct - 2 pk", "cnid": "1334", "productId": "186692", "size": "50 ct pkg"},
{"thumb": "http://i4.peapod.com/c/KK/KKNHZ.gif", "price": "429", "unit_price": "$.07/ ea", "name": "TUMS Smoothies Antacid & Calcium Supplement Extra Strength 750 Berry", "cnid": "1334", "productId": "142513", "size": "60 ct btl"},
{"thumb": "http://i4.peapod.com/c/KK/KKNHZ.gif", "price": "999", "unit_price": "$.71/ ea", "name": "Zegerid OTC Acid Reducer with Omeprazole Capsules", "cnid": "1334", "productId": "160907", "size": "14 ct box"},
{"thumb": "http://i4.peapod.com/c/KK/KKNHZ.gif", "price": "499", "unit_price": "$4.99/ oz", "name": "Benadryl Itch Relief Original Strength Cream", "cnid": "1351", "productId": "149892", "size": "1 oz pkg"},
{"thumb": "http://i4.peapod.com/c/KK/KKNHZ.gif", "price": "349", "unit_price": "$3.49/ oz", "name": "CareOne Anti-Itch with Aloe Hydrocortisone Cream", "cnid": "1351", "productId": "116728", "size": "1 oz pkg"},
{"thumb": "http://i4.peapod.com/c/KK/KKNHZ.gif", "price": "299", "unit_price": "$.05/ oz", "name": "CareOne Epsom Salt", "cnid": "1351", "productId": "58354", "size": "64 oz ctn"},
{"thumb": "http://i4.peapod.com/c/KK/KKNHZ.gif", "price": "599", "unit_price": "$5.99/ oz", "name": "Cortizone-10 Anti-Itch Plus Aloe Hydrocortisone Creme", "cnid": "1351", "productId": "110307", "size": "1 oz pkg"},
{"thumb": "http://i4.peapod.com/c/KK/KKNHZ.gif", "price": "539", "unit_price": "$5.39/ oz", "name": "Cortizone-10 Maximum Strength with Aloe Hydrocortisone Creme", "cnid": "1351", "productId": "17679", "size": "1 oz pkg"},
{"thumb": "http://i4.peapod.com/c/KK/KKNHZ.gif", "price": "1049", "unit_price": "$13.99/ oz", "name": "Prosacea Multi-Symptom Rosacea Relief Treatment Gel", "cnid": "1351", "productId": "149437", "size": ".75 oz pkg"},
{"thumb": "http://i4.peapod.com/c/KK/KKNHZ.gif", "price": "699", "unit_price": "$9.32/ oz", "name": "Psoriasin Psoriasis Multi-Symptom Relief Gel", "cnid": "1351", "productId": "149434", "size": ".75 oz pkg"},
{"thumb": "http://i4.peapod.com/c/KK/KKNHZ.gif", "price": "699", "unit_price": "$1.55/ oz", "name": "Solarcaine Aloe Extra Burn Relief Aerosol Spray", "cnid": "1351", "productId": "10855", "size": "4.5 oz can"},
{"thumb": "http://i4.peapod.com/c/KK/KKNHZ.gif", "price": "269", "unit_price": "$.72/ oz", "name": "Vaseline Petroleum Jelly", "cnid": "1351", "productId": "10275", "size": "3.75 oz jar"},
{"thumb": "http://i4.peapod.com/c/KK/KKNHZ.gif", "price": "579", "unit_price": "$1.45/ oz", "name": "A+D Original Diaper Rash Ointment & All Purpose Skin Protectant", "cnid": "1304", "productId": "10224", "size": "4 oz pkg"},
{"thumb": "http://i4.peapod.com/c/KK/KKNHZ.gif", "price": "769", "unit_price": "$2.56/ oz", "name": "Aquaphor Baby Healing Ointment Advanced Therapy", "cnid": "1304", "productId": "132235", "size": "3 oz sqz"},
{"thumb": "http://i4.peapod.com/c/KK/KKNHZ.gif", "price": "1599", "unit_price": "$1.14/ oz", "name": "Aquaphor Baby Ointment Advanced Healing", "cnid": "1304", "productId": "152562", "size": "14 oz jar"},
{"thumb": "http://i4.peapod.com/c/KK/KKNHZ.gif", "price": "1099", "unit_price": "$3.66/ oz", "name": "Aveeno Active Naturals Continuous Protection FACE Sunblock Lotion SPF 30", "cnid": "1304", "productId": "154865", "size": "3 oz btl"},
{"thumb": "http://i4.peapod.com/c/KK/KKNHZ.gif", "price": "899", "unit_price": "$.75/ oz", "name": "Aveeno Active Naturals Daily Moisturizing Lotion Fragrance Free Pump", "cnid": "1304", "productId": "117154", "size": "12 oz btl"},
{"thumb": "http://i4.peapod.com/c/KK/KKNHZ.gif", "price": "1099", "unit_price": "$.92/ oz", "name": "Aveeno Active Naturals Daily Moisturizing Lotion w/ Sunscreen SPF 15 Pump", "cnid": "1304", "productId": "148326", "size": "12 oz btl"},
{"thumb": "http://i4.peapod.com/c/KK/KKNHZ.gif", "price": "749", "unit_price": "$1.50/ oz", "name": "Aveeno Active Naturals Skin Brightening Daily Scrub", "cnid": "1304", "productId": "128908", "size": "5 oz pkg"},
{"thumb": "http://i4.peapod.com/c/KK/KKNHZ.gif", "price": "749", "unit_price": "$.62/ oz", "name": "Aveeno Active Naturals Skin Relief Body Wash Fragrance Free", "cnid": "1304", "productId": "128902", "size": "12 oz btl"},
{"thumb": "http://i4.peapod.com/c/KK/KKNHZ.gif", "price": "579", "unit_price": "$.72/ oz", "name": "Aveeno Baby Bath Calming Comfort", "cnid": "1304", "productId": "129161", "size": "8 oz btl"},
{"thumb": "http://i4.peapod.com/c/KK/KKNHZ.gif", "price": "579", "unit_price": "$.72/ oz", "name": "Aveeno Baby Daily Moisture Lotion Fragrance Free", "cnid": "1304", "productId": "129128", "size": "8 oz sqz"},
{"thumb": "http://i4.peapod.com/c/KK/KKNHZ.gif", "price": "1099", "unit_price": "$2.75/ oz", "name": "Aveeno Baby Sunblock Lotion SPF 55", "cnid": "1304", "productId": "177387", "size": "4 oz sqz"},
{"thumb": "http://i4.peapod.com/c/KK/KKNHZ.gif", "price": "579", "unit_price": "$.72/ oz", "name": "Aveeno Baby Wash & Shampoo", "cnid": "1304", "productId": "129125", "size": "8 oz btl"},
{"thumb": "http://i4.peapod.com/c/KK/KKNHZ.gif", "price": "749", "unit_price": "$1.12/ oz", "name": "Aveeno Positively Radiant Brightening Cleanser", "cnid": "1304", "productId": "128905", "size": "6.7 oz btl"},
{"thumb": "http://i4.peapod.com/c/KK/KKNHZ.gif", "price": "1599", "unit_price": "$4.00/ oz", "name": "Aveeno Positively Radiant Daily Moisturizer SPF 15 Pump", "cnid": "1304", "productId": "128904", "size": "4 oz btl"},
{"thumb": "http://i4.peapod.com/c/KK/KKNHZ.gif", "price": "449", "unit_price": "$.37/ oz", "name": "AXE 2 in 1 Shower Gel + Shampoo Jet", "cnid": "1304", "productId": "186769", "size": "12 oz btl"},
{"thumb": "http://i4.peapod.com/c/KK/KKNHZ.gif", "price": "449", "unit_price": "$4.49/ ea", "name": "AXE Detailer Shower Tool 2-Sided (Red or Blue)", "cnid": "1304", "productId": "164055", "size": "1 ct pkg"},
{"thumb": "http://i4.peapod.com/c/KK/KKNHZ.gif", "price": "525", "unit_price": "$1.31/ oz", "name": "Balmex Diaper Rash Ointment", "cnid": "1304", "productId": "10265", "size": "4 oz pkg"},
{"thumb": "http://i4.peapod.com/c/KK/KKNHZ.gif", "price": "1199", "unit_price": "$2.00/ oz", "name": "Banana Boat Baby Tear Free Continuous Sunscreen Spray Lotion SPF 50", "cnid": "1304", "productId": "164471", "size": "6 oz can"},
{"thumb": "http://i4.peapod.com/c/KK/KKNHZ.gif", "price": "1199", "unit_price": "$1.50/ oz", "name": "Banana Boat Baby Tear Free Sunblock Lotion SPF 50", "cnid": "1304", "productId": "140856", "size": "8 oz sqz"},
{"thumb": "http://i4.peapod.com/c/KK/KKNHZ.gif", "price": "1199", "unit_price": "$2.00/ oz", "name": "Banana Boat Cool Zone Sunscreen Sport Performance Clear Ultra Mist SPF 50", "cnid": "1304", "productId": "186982", "size": "6 oz pkg"},
{"thumb": "http://i4.peapod.com/c/KK/KKNHZ.gif", "price": "1149", "unit_price": "$1.91/ oz", "name": "Banana Boat Kids Max Protect & Play Sunscreen SPF 110 Clear UltraMist", "cnid": "1304", "productId": "177164", "size": "6 oz can"},
{"thumb": "http://i4.peapod.com/c/KK/KKNHZ.gif", "price": "1199", "unit_price": "$1.50/ oz", "name": "Banana Boat Kids Tear-Free Sunblock Lotion SPF 50", "cnid": "1304", "productId": "151456", "size": "8 oz sqz"},
{"thumb": "http://i4.peapod.com/c/KK/KKNHZ.gif", "price": "1199", "unit_price": "$2.00/ oz", "name": "Banana Boat Sport Cool Zone Sunscreen Clear Ultra Mist Spray SPF 30", "cnid": "1304", "productId": "186951", "size": "6 oz can"},
{"thumb": "http://i4.peapod.com/c/KK/KKNHZ.gif", "price": "1099", "unit_price": "$1.37/ oz", "name": "Banana Boat Sport Performance Sunscreen Active Dry Protect SPF 15", "cnid": "1304", "productId": "164472", "size": "8 oz btl"},
{"thumb": "http://i4.peapod.com/c/KK/KKNHZ.gif", "price": "1099", "unit_price": "$1.37/ oz", "name": "Banana Boat Sport Performance Sunscreen SPF 30 Active Dry", "cnid": "1304", "productId": "177162", "size": "8 oz btl"},
{"thumb": "http://i4.peapod.com/c/KK/KKNHZ.gif", "price": "1199", "unit_price": "$1.50/ oz", "name": "Banana Boat Sport Performance Sunscreen SPF 50 Active Dry", "cnid": "1304", "productId": "177163", "size": "8 oz btl"},
{"thumb": "http://i4.peapod.com/c/KK/KKNHZ.gif", "price": "1099", "unit_price": "$1.37/ oz", "name": "Banana Boat Ultra Defense Sunscreen Sheer Protect SPF UVB 30", "cnid": "1304", "productId": "186983", "size": "8 oz sqz"},
{"thumb": "http://i4.peapod.com/c/KK/KKNHZ.gif", "price": "1199", "unit_price": "$1.50/ oz", "name": "Banana Boat Ultra Defense Sunscreen Sheer Protect SPF UVB 50", "cnid": "1304", "productId": "177160", "size": "8 oz sqz"},
{"thumb": "http://i4.peapod.com/c/KK/KKNHZ.gif", "price": "199", "unit_price": "$9.48/ oz", "name": "Blistex Lip Ointment Medicated", "cnid": "1304", "productId": "5495", "size": ".21 oz pkg"},
{"thumb": "http://i4.peapod.com/c/KK/KKNHZ.gif", "price": "599", "unit_price": "$.37/ oz", "name": "CareOne After Sun Lotion Aloe Vera", "cnid": "1304", "productId": "182192", "size": "16 oz btl"},
{"thumb": "http://i4.peapod.com/c/KK/KKNHZ.gif", "price": "699", "unit_price": "$.87/ oz", "name": "CareOne Baby Sunscreen Lotion SPF 50", "cnid": "1304", "productId": "162534", "size": "8 oz btl"},
{"thumb": "http://i4.peapod.com/c/KK/KKNHZ.gif", "price": "349", "unit_price": "$.19/ oz", "name": "Care One Body Wash Pomegranate & Mango", "cnid": "1304", "productId": "161995", "size": "18 oz btl"},
{"thumb": "http://i4.peapod.com/c/KK/KKNHZ.gif", "price": "699", "unit_price": "$1.16/ oz", "name": "CareOne Continuous Spray Sunscreen SPF 30", "cnid": "1304", "productId": "162892", "size": "6 oz can"},
{"thumb": "http://i4.peapod.com/c/KK/KKNHZ.gif", "price": "459", "unit_price": "$.83/ oz", "name": "CareOne Daily Pore Cleanser Oil-Free", "cnid": "1304", "productId": "161993", "size": "5.5 oz pkg"},
{"thumb": "http://i4.peapod.com/c/KK/KKNHZ.gif", "price": "200", "unit_price": "$.27/ oz", "name": "CareOne Foaming Hand Soap Antibacterial Green Tea Pump", "cnid": "1304", "productId": "163967", "size": "7.5 oz btl"},
{"thumb": "http://i4.peapod.com/c/KK/KKNHZ.gif", "price": "279", "unit_price": "$.35/ oz", "name": "CareOne Instant Hand Sanitizer Citrus Scent Pump", "cnid": "1304", "productId": "154870", "size": "8 oz btl"},
{"thumb": "http://i4.peapod.com/c/KK/KKNHZ.gif", "price": "699", "unit_price": "$1.16/ oz", "name": "CareOne Kids Continuous Spray Sunscreen SPF 50", "cnid": "1304", "productId": "176492", "size": "6 oz can"},
{"thumb": "http://i4.peapod.com/c/KK/KKNHZ.gif", "price": "250", "unit_price": "$.16/ oz", "name": "CareOne Skin Care Lotion Cocoa Butter", "cnid": "1304", "productId": "139390", "size": "16 oz btl"},
{"thumb": "http://i4.peapod.com/c/KK/KKNHZ.gif", "price": "699", "unit_price": "$1.16/ oz", "name": "CareOne Sunscreen Continuous Spray SPF 70", "cnid": "1304", "productId": "186987", "size": "6 oz can"},
{"thumb": "http://i4.peapod.com/c/KK/KKNHZ.gif", "price": "799", "unit_price": "$2.00/ oz", "name": "CareOne Sunscreen Sheer Dry Touch SPF 55", "cnid": "1304", "productId": "186984", "size": "4 oz btl"},
{"thumb": "http://i4.peapod.com/c/KK/KKNHZ.gif", "price": "799", "unit_price": "$2.00/ oz", "name": "CareOne Sunscreen Sheer Dry Touch SPF 70", "cnid": "1304", "productId": "186985", "size": "4 oz btl"},
{"thumb": "http://i4.peapod.com/c/KK/KKNHZ.gif", "price": "699", "unit_price": "$1.16/ oz", "name": "CareOne Sunscreen Sport SPF 30 Continuous Spray", "cnid": "1304", "productId": "176493", "size": "6 oz can"},
{"thumb": "http://i4.peapod.com/c/KK/KKNHZ.gif", "price": "699", "unit_price": "$1.16/ oz", "name": "CareOne Sunscreen Sport SPF 50 Continuous Spray", "cnid": "1304", "productId": "176495", "size": "6 oz can"},
{"thumb": "http://i4.peapod.com/c/KK/KKNHZ.gif", "price": "1099", "unit_price": "$.92/ oz", "name": "CareOne Value Pack Sunscreen Sport SPF 30 6 oz - 2 ct", "cnid": "1304", "productId": "186986", "size": "12 oz pkg"},
{"thumb": "http://i4.peapod.com/c/KK/KKNHZ.gif", "price": "369", "unit_price": "$.23/ oz", "name": "CareOne Witch Hazel", "cnid": "1304", "productId": "139373", "size": "16 oz btl"},
{"thumb": "http://i4.peapod.com/c/KK/KKNHZ.gif", "price": "399", "unit_price": "$.22/ oz", "name": "Caress Body Wash Sheer Twilight Black Orchid & Juniper Oil Scent", "cnid": "1304", "productId": "163321", "size": "18 oz btl"},
{"thumb": "http://i4.peapod.com/c/KK/KKNHZ.gif", "price": "100", "unit_price": "$2.86/ oz", "name": "Carmex Lip Balm Moisturizing Original", "cnid": "1304", "productId": "9616", "size": ".35 oz pkg"},
{"thumb": "http://i4.peapod.com/c/KK/KKNHZ.gif", "price": "1049", "unit_price": "$.66/ oz", "name": "Cetaphil Daily Facial Cleanser for Normal to Oily Skin Pump", "cnid": "1304", "productId": "139372", "size": "16 oz btl"},
{"thumb": "http://i4.peapod.com/c/KK/KKNHZ.gif", "price": "1399", "unit_price": "$3.50/ oz", "name": "Cetaphil Daily Facial Moisturizer SPF 15", "cnid": "1304", "productId": "149651", "size": "4 oz btl"},
{"thumb": "http://i4.peapod.com/c/KK/KKNHZ.gif", "price": "1049", "unit_price": "$.66/ oz", "name": "Cetaphil Gentle Skin Cleanser for All Skin Types Pump", "cnid": "1304", "productId": "10745", "size": "16 oz btl"},
{"thumb": "http://i4.peapod.com/c/KK/KKNHZ.gif", "price": "1399", "unit_price": "$.87/ oz", "name": "Cetaphil Moisturizing Cream Sensitive Fragrance Free", "cnid": "1304", "productId": "35733", "size": "16 oz jar"},
{"thumb": "http://i4.peapod.com/c/KK/KKNHZ.gif", "price": "1049", "unit_price": "$.66/ oz", "name": "Cetaphil Moisturizing Lotion Fragrance Free for All Skin Types Pump", "cnid": "1304", "productId": "38475", "size": "16 oz btl"},
{"thumb": "http://i4.peapod.com/c/KK/KKNHZ.gif", "price": "100", "unit_price": "$6.67/ oz", "name": "ChapStick Lip Balm Cherry", "cnid": "1304", "productId": "3457", "size": ".15 oz pkg"},
{"thumb": "http://i4.peapod.com/c/KK/KKNHZ.gif", "price": "100", "unit_price": "$6.67/ oz", "name": "ChapStick Lip Balm Classic Original", "cnid": "1304", "productId": "3456", "size": ".15 oz pkg"},
{"thumb": "http://i4.peapod.com/c/KK/KKNHZ.gif", "price": "100", "unit_price": "$6.67/ oz", "name": "ChapStick Lip Balm Medicated", "cnid": "1304", "productId": "74909", "size": ".15 oz pkg"},
{"thumb": "http://i4.peapod.com/c/KK/KKNHZ.gif", "price": "399", "unit_price": "$.50/ oz", "name": "Clean & Clear Astringent Deep Cleaning Oil-Fighting", "cnid": "1304", "productId": "74523", "size": "8 oz btl"},
{"thumb": "http://i4.peapod.com/c/KK/KKNHZ.gif", "price": "499", "unit_price": "$1.00/ oz", "name": "Clean & Clear Continuous Control Acne Cleanser Daily Formula", "cnid": "1304", "productId": "110916", "size": "5 oz sqz"},
{"thumb": "http://i4.peapod.com/c/KK/KKNHZ.gif", "price": "499", "unit_price": "$.77/ oz", "name": "Clean & Clear Deep Action Cream Cleanser Oil-Free", "cnid": "1304", "productId": "39027", "size": "6.5 oz pkg"},
{"thumb": "http://i4.peapod.com/c/KK/KKNHZ.gif", "price": "499", "unit_price": "$.62/ oz", "name": "Clean & Clear Morning Burst Facial Cleanser Pump", "cnid": "1304", "productId": "139155", "size": "8 oz btl"},
{"thumb": "http://i4.peapod.com/c/KK/KKNHZ.gif", "price": "449", "unit_price": "$.69/ oz", "name": "Clearasil Daily Clear Daily Face Wash Oil-Free", "cnid": "1304", "productId": "60295", "size": "6.5 oz pkg"},
{"thumb": "http://i4.peapod.com/c/KK/KKNHZ.gif", "price": "699", "unit_price": "$.08/ ea", "name": "Clearasil Ultra Rapid Action Pads", "cnid": "1304", "productId": "149483", "size": "90 ct jar"},
{"thumb": "http://i4.peapod.com/c/KK/KKNHZ.gif", "price": "899", "unit_price": "$1.50/ oz", "name": "Coppertone Continuous Spray Sunblock SPF 30", "cnid": "1304", "productId": "137716", "size": "6 oz can"},
{"thumb": "http://i4.peapod.com/c/KK/KKNHZ.gif", "price": "999", "unit_price": "$4.99/ oz", "name": "Coppertone Faces Sensitive Skin Sunscreen Lotion Gentle with Zinc SPF 50", "cnid": "1304", "productId": "158705", "size": "2 oz btl"},
{"thumb": "http://i4.peapod.com/c/KK/KKNHZ.gif", "price": "999", "unit_price": "$1.25/ oz", "name": "Coppertone Oil Free Sunblock Lotion Waterproof SPF 15", "cnid": "1304", "productId": "92656", "size": "8 oz btl"},
{"thumb": "http://i4.peapod.com/c/KK/KKNHZ.gif", "price": "999", "unit_price": "$1.25/ oz", "name": "Coppertone Oil Free Sunblock Lotion Waterproof SPF 30", "cnid": "1304", "productId": "77317", "size": "8 oz btl"},
{"thumb": "http://i4.peapod.com/c/KK/KKNHZ.gif", "price": "999", "unit_price": "$3.33/ oz", "name": "Coppertone Oil Free Sunscreen Lotion Faces Fragrance Free UVA/UVB SPF 30", "cnid": "1304", "productId": "150483", "size": "3 oz sqz"},
{"thumb": "http://i4.peapod.com/c/KK/KKNHZ.gif", "price": "1099", "unit_price": "$1.83/ oz", "name": "Coppertone Sport Continuous Spray Sunscreen Clear No-Rub SPF 15", "cnid": "1304", "productId": "140397", "size": "6 oz can"},
{"thumb": "http://i4.peapod.com/c/KK/KKNHZ.gif", "price": "1099", "unit_price": "$1.83/ oz", "name": "Coppertone Sport Continuous Spray Sunscreen Clear No-Rub SPF 30", "cnid": "1304", "productId": "137715", "size": "6 oz can"},
{"thumb": "http://i4.peapod.com/c/KK/KKNHZ.gif", "price": "1099", "unit_price": "$1.83/ oz", "name": "Coppertone Sport Pro Series Sunscreen Spray with DuraFlex UVA/UVB SPF 15", "cnid": "1304", "productId": "186988", "size": "6 oz can"},
{"thumb": "http://i4.peapod.com/c/KK/KKNHZ.gif", "price": "1099", "unit_price": "$1.83/ oz", "name": "Coppertone Sport Pro Series Sunscreen Spray with DuraFlex UVA/UVB SPF 30", "cnid": "1304", "productId": "186989", "size": "6 oz can"},
{"thumb": "http://i4.peapod.com/c/KK/KKNHZ.gif", "price": "1099", "unit_price": "$1.83/ oz", "name": "Coppertone Sport Pro Series Sunscreen Spray with DuraFlex UVA/UVB SPF 50+", "cnid": "1304", "productId": "186990", "size": "6 oz can"},
{"thumb": "http://i4.peapod.com/c/KK/KKNHZ.gif", "price": "999", "unit_price": "$1.66/ oz", "name": "Coppertone Sport Sunscreen Continuous Spray Clear Sweat/Waterproof SPF 50", "cnid": "1304", "productId": "144466", "size": "6 oz can"},
{"thumb": "http://i4.peapod.com/c/KK/KKNHZ.gif", "price": "1799", "unit_price": "$1.50/ oz", "name": "Coppertone Sport Sunscreen Ultra Sweatproof SPF 30 - 2 ct", "cnid": "1304", "productId": "176218", "size": "6 oz can"},
{"thumb": "http://i4.peapod.com/c/KK/KKNHZ.gif", "price": "999", "unit_price": "$1.25/ oz", "name": "Coppertone Sport Sunscreen Ultra Sweatproof SPF 50", "cnid": "1304", "productId": "176217", "size": "8 oz btl"},
{"thumb": "http://i4.peapod.com/c/KK/KKNHZ.gif", "price": "899", "unit_price": "$1.50/ oz", "name": "Coppertone ultraGUARD Continuous Spray Sunscreen Clear No-Rub SPF 15", "cnid": "1304", "productId": "140398", "size": "6 oz can"},
{"thumb": "http://i4.peapod.com/c/KK/KKNHZ.gif", "price": "849", "unit_price": "$1.06/ oz", "name": "Coppertone ultraGUARD Sunblock Lotion Waterproof Non Greasy UVA/UVB SPF 30", "cnid": "1304", "productId": "119998", "size": "8 oz btl"},
{"thumb": "http://i4.peapod.com/c/KK/KKNHZ.gif", "price": "999", "unit_price": "$1.25/ oz", "name": "Coppertone Water BABIES Pure & Simple Sunscreen Lotion UVA/UVB SPF 50", "cnid": "1304", "productId": "154764", "size": "8 oz btl"},
{"thumb": "http://i4.peapod.com/c/KK/KKNHZ.gif", "price": "1099", "unit_price": "$1.83/ oz", "name": "Coppertone Water BABIES Quick Cover Sunscreen Lotion Spray UVA/UVB SPF 50", "cnid": "1304", "productId": "144469", "size": "6 oz can"},
{"thumb": "http://i4.peapod.com/c/KK/KKNHZ.gif", "price": "999", "unit_price": "$1.66/ oz", "name": "Coppertone Wet 'n Clear Kids Sunscreen Continuous Spray UVA/UVB SPF 45+", "cnid": "1304", "productId": "186991", "size": "6 oz can"},
{"thumb": "http://i4.peapod.com/c/KK/KKNHZ.gif", "price": "1099", "unit_price": "$1.83/ oz", "name": "Coppertone Wet 'n Clear Sunscreen Continuous Spray UVA/UVB SPF 30", "cnid": "1304", "productId": "186992", "size": "6 oz can"},
{"thumb": "http://i4.peapod.com/c/KK/KKNHZ.gif", "price": "999", "unit_price": "$1.66/ oz", "name": "Coppertone Wet 'n Clear Sunscreen Continuous Spray UVA/UVB SPF 45", "cnid": "1304", "productId": "186993", "size": "6 oz can"},
{"thumb": "http://i4.peapod.com/c/KK/KKNHZ.gif", "price": "350", "unit_price": "$.17/ oz", "name": "Cottontails Baby Oil Mild", "cnid": "1304", "productId": "58339", "size": "20 oz btl"},
{"thumb": "http://i4.peapod.com/c/KK/KKNHZ.gif", "price": "200", "unit_price": "$.13/ oz", "name": "Cottontails Baby Powder Pure Cornstarch with Aloe Vera & Vitamin E", "cnid": "1304", "productId": "58381", "size": "15 oz btl"},
{"thumb": "http://i4.peapod.com/c/KK/KKNHZ.gif", "price": "200", "unit_price": "$.13/ oz", "name": "Cottontails Baby Wash Mild", "cnid": "1304", "productId": "139351", "size": "15 oz btl"},
{"thumb": "http://i4.peapod.com/c/KK/KKNHZ.gif", "price": "649", "unit_price": "$.50/ oz", "name": "Curel Lotion Original for Dry Skin Fragrance Free Pump", "cnid": "1304", "productId": "48124", "size": "13 oz btl"},
{"thumb": "http://i4.peapod.com/c/KK/KKNHZ.gif", "price": "629", "unit_price": "$1.57/ oz", "name": "Desitin Diaper Rash Cream Rapid Relief", "cnid": "1304", "productId": "39643", "size": "4 oz pkg"},
{"thumb": "http://i4.peapod.com/c/KK/KKNHZ.gif", "price": "629", "unit_price": "$1.57/ oz", "name": "Desitin Diaper Rash Paste Maximum Strength Original", "cnid": "1304", "productId": "9061", "size": "4 oz pkg"},
{"thumb": "http://i4.peapod.com/c/KK/KKNHZ.gif", "price": "529", "unit_price": "$.17/ oz", "name": "Dial Bath Soap Deodorant Antibacterial Gold - 8 pk", "cnid": "1304", "productId": "12395", "size": "32 oz pkg"},
{"thumb": "http://i4.peapod.com/c/KK/KKNHZ.gif", "price": "150", "unit_price": "$.12/ oz", "name": "Dial Bath Soap White Antibacterial - 3 pk", "cnid": "1304", "productId": "11409", "size": "12 oz pkg"},
{"thumb": "http://i4.peapod.com/c/KK/KKNHZ.gif", "price": "529", "unit_price": "$.17/ oz", "name": "Dial Bath Soap White Antibacterial - 8 pk", "cnid": "1304", "productId": "102299", "size": "32 oz pkg"},
{"thumb": "http://i4.peapod.com/c/KK/KKNHZ.gif", "price": "150", "unit_price": "$.12/ oz", "name": "Dial Naturals Glycerin Bar Soap Tangerine & Guava - 3 pk", "cnid": "1304", "productId": "187099", "size": "12 oz pkg"},
{"thumb": "http://i4.peapod.com/c/KK/KKNHZ.gif", "price": "549", "unit_price": "$.34/ oz", "name": "Dial Naturals Moisturizing Body Wash Tangerine & Guava", "cnid": "1304", "productId": "187088", "size": "16 oz btl"},
{"thumb": "http://i4.peapod.com/c/KK/KKNHZ.gif", "price": "349", "unit_price": "$.41/ oz", "name": "Dove Beauty Bar Gentle Exfoliating - 2 pk", "cnid": "1304", "productId": "163179", "size": "8.5 oz pkg"},
{"thumb": "http://i4.peapod.com/c/KK/KKNHZ.gif", "price": "699", "unit_price": "$.28/ oz", "name": "Dove Beauty Bar Gentle Exfoliating - 6 pk", "cnid": "1304", "productId": "151038", "size": "25.2 oz pkg"},
{"thumb": "http://i4.peapod.com/c/KK/KKNHZ.gif", "price": "699", "unit_price": "$.29/ oz", "name": "Dove Beauty Bar Pink/Rosa - 6 pk", "cnid": "1304", "productId": "152846", "size": "24 oz pkg"},
{"thumb": "http://i4.peapod.com/c/KK/KKNHZ.gif", "price": "349", "unit_price": "$.41/ oz", "name": "Dove Beauty Bar Sensitive Skin Fragrance Free - 2 pk", "cnid": "1304", "productId": "46432", "size": "8.5 oz pkg"},
{"thumb": "http://i4.peapod.com/c/KK/KKNHZ.gif", "price": "699", "unit_price": "$.27/ oz", "name": "Dove Beauty Bar Sensitive Skin Fragrance Free - 6 pk", "cnid": "1304", "productId": "101386", "size": "25.5 oz pkg"},
{"thumb": "http://i4.peapod.com/c/KK/KKNHZ.gif", "price": "949", "unit_price": "$.28/ oz", "name": "Dove Beauty Bar Sensitive Skin Unscented - 8 pk", "cnid": "1304", "productId": "146913", "size": "34 oz pkg"},
{"thumb": "http://i4.peapod.com/c/KK/KKNHZ.gif", "price": "349", "unit_price": "$.41/ oz", "name": "Dove Beauty Bar White - 2 pk", "cnid": "1304", "productId": "304", "size": "8.5 oz pkg"},
{"thumb": "http://i4.peapod.com/c/KK/KKNHZ.gif", "price": "699", "unit_price": "$.29/ oz", "name": "Dove Beauty Bar White - 6 pk", "cnid": "1304", "productId": "23068", "size": "24 oz pkg"},
{"thumb": "http://i4.peapod.com/c/KK/KKNHZ.gif", "price": "349", "unit_price": "$.41/ oz", "name": "Dove Beauty Bath Bars Nourishing Care Shea Butter - 2 pk", "cnid": "1304", "productId": "160561", "size": "8.5 oz pkg"},
{"thumb": "http://i4.peapod.com/c/KK/KKNHZ.gif", "price": "699", "unit_price": "$.27/ oz", "name": "Dove Beauty Bath Bars Nourishing Care Shea Butter - 6 pk", "cnid": "1304", "productId": "160472", "size": "25.5 oz pkg"},
{"thumb": "http://i4.peapod.com/c/KK/KKNHZ.gif", "price": "549", "unit_price": "$.46/ oz", "name": "Dove Beauty Nourishing Body Wash Deep Moisture", "cnid": "1304", "productId": "85783", "size": "12 oz btl"},
{"thumb": "http://i4.peapod.com/c/KK/KKNHZ.gif", "price": "599", "unit_price": "$.25/ oz", "name": "Dove Cream Oil Body Wash Cherry Blossom & Almond Scent", "cnid": "1304", "productId": "160560", "size": "24 oz btl"},
{"thumb": "http://i4.peapod.com/c/KK/KKNHZ.gif", "price": "599", "unit_price": "$.25/ oz", "name": "Dove Cream Oil Body Wash Rosewood & Cocoa Butter Scent", "cnid": "1304", "productId": "160468", "size": "24 oz btl"},
{"thumb": "http://i4.peapod.com/c/KK/KKNHZ.gif", "price": "599", "unit_price": "$.25/ oz", "name": "Dove Cream Oil Body Wash Shea Butter Warm Vanilla & Brown Sugar Scent", "cnid": "1304", "productId": "163314", "size": "24 oz btl"},
{"thumb": "http://i4.peapod.com/c/KK/KKNHZ.gif", "price": "300", "unit_price": "$.35/ oz", "name": "Dove Go Fresh Beauty Bar Cool Moisture with Cucumber & Green Tea - 2 pk", "cnid": "1304", "productId": "151488", "size": "8.5 oz pkg"},
{"thumb": "http://i4.peapod.com/c/KK/KKNHZ.gif", "price": "699", "unit_price": "$.27/ oz", "name": "Dove Go Fresh Beauty Bar Cool Moisture with Cucumber & Green Tea - 6 pk", "cnid": "1304", "productId": "146914", "size": "25.5 oz pkg"},
{"thumb": "http://i4.peapod.com/c/KK/KKNHZ.gif", "price": "599", "unit_price": "$.25/ oz", "name": "Dove Go Fresh Body Wash Cool Moisture Cucumber & Green Tea Scent", "cnid": "1304", "productId": "152847", "size": "24 oz btl"},
{"thumb": "http://i4.peapod.com/c/KK/KKNHZ.gif", "price": "599", "unit_price": "$.25/ oz", "name": "Dove Go Fresh Body Wash Rebalance Plum & Sakura Blossom Scent", "cnid": "1304", "productId": "163320", "size": "24 oz btl"},
{"thumb": "http://i4.peapod.com/c/KK/KKNHZ.gif", "price": "699", "unit_price": "$.27/ oz", "name": "Dove Men+Care Body & Face Bar Deep Clean - 6 pk", "cnid": "1304", "productId": "160470", "size": "25.5 oz pkg"},
{"thumb": "http://i4.peapod.com/c/KK/KKNHZ.gif", "price": "699", "unit_price": "$.27/ oz", "name": "Dove Men+Care Body & Face Bar Extra Fresh - 6 pk", "cnid": "1304", "productId": "160471", "size": "25.5 oz pkg"},
{"thumb": "http://i4.peapod.com/c/KK/KKNHZ.gif", "price": "549", "unit_price": "$.41/ oz", "name": "Dove Men+Care Body & Face Wash Deep Clean", "cnid": "1304", "productId": "157864", "size": "13.5 oz btl"},
{"thumb": "http://i4.peapod.com/c/KK/KKNHZ.gif", "price": "549", "unit_price": "$.41/ oz", "name": "Dove Men+Care Body & Face Wash Extra Fresh", "cnid": "1304", "productId": "157863", "size": "13.5 oz btl"},
{"thumb": "http://i4.peapod.com/c/KK/KKNHZ.gif", "price": "599", "unit_price": "$.25/ oz", "name": "Dove Nourishing Body Wash Deep Moisture", "cnid": "1304", "productId": "151040", "size": "24 oz btl"},
{"thumb": "http://i4.peapod.com/c/KK/KKNHZ.gif", "price": "599", "unit_price": "$.25/ oz", "name": "Dove Nourishing Body Wash Sensitive Skin Unscented", "cnid": "1304", "productId": "145481", "size": "24 oz btl"},
{"thumb": "http://i4.peapod.com/c/KK/KKNHZ.gif", "price": "549", "unit_price": "$.46/ oz", "name": "Dove Nourishing Body Wash Sensitive Skin Unscented", "cnid": "1304", "productId": "85125", "size": "12 oz btl"},
{"thumb": "http://i4.peapod.com/c/KK/KKNHZ.gif", "price": "599", "unit_price": "$.25/ oz", "name": "Dove Nourishing Gentle Body Wash Exfoliating", "cnid": "1304", "productId": "146915", "size": "24 oz btl"},
{"thumb": "http://i4.peapod.com/c/KK/KKNHZ.gif", "price": "799", "unit_price": "$.80/ oz", "name": "Gold Bond Body Powder Medicated Original Strength", "cnid": "1304", "productId": "59759", "size": "10 oz btl"},
{"thumb": "http://i4.peapod.com/c/KK/KKNHZ.gif", "price": "949", "unit_price": "$.79/ oz", "name": "Gold Bond Ultimate Hand Sanitizer Moisturizer Pump", "cnid": "1304", "productId": "158177", "size": "12 oz btl"},
{"thumb": "http://i4.peapod.com/c/KK/KKNHZ.gif", "price": "749", "unit_price": "$1.36/ oz", "name": "Gold Bond Ultimate Skin Therapy Lotion Healing with Aloe", "cnid": "1304", "productId": "150754", "size": "5.5 oz sqz"},
{"thumb": "http://i4.peapod.com/c/KK/KKNHZ.gif", "price": "949", "unit_price": "$.68/ oz", "name": "Gold Bond Ultimate Skin Therapy Lotion Healing with Aloe Pump", "cnid": "1304", "productId": "150823", "size": "14 oz btl"},
{"thumb": "http://i4.peapod.com/c/KK/KKNHZ.gif", "price": "499", "unit_price": "$.16/ oz", "name": "Irish Spring Bath Soap Deodorant Icy Blast - 8 pk", "cnid": "1304", "productId": "163962", "size": "32 oz pkg"},
{"thumb": "http://i4.peapod.com/c/KK/KKNHZ.gif", "price": "399", "unit_price": "$.27/ oz", "name": "Irish Spring Body Wash 8 Hour Scent System Original", "cnid": "1304", "productId": "149044", "size": "15 oz btl"},
{"thumb": "http://i4.peapod.com/c/KK/KKNHZ.gif", "price": "549", "unit_price": "$.12/ oz", "name": "Ivory Bath Soap Aloe Scent - 10 pk", "cnid": "1304", "productId": "160599", "size": "45 oz pkg"},
{"thumb": "http://i4.peapod.com/c/KK/KKNHZ.gif", "price": "499", "unit_price": "$.33/ oz", "name": "Johnson's Baby Bath Bedtime with Lavender & Chamomile", "cnid": "1304", "productId": "117383", "size": "15 oz btl"},
{"thumb": "http://i4.peapod.com/c/KK/KKNHZ.gif", "price": "399", "unit_price": "$.27/ oz", "name": "Johnson's Baby Lotion", "cnid": "1304", "productId": "75431", "size": "15 oz btl"},
{"thumb": "http://i4.peapod.com/c/KK/KKNHZ.gif", "price": "499", "unit_price": "$.25/ oz", "name": "Johnson's Baby Oil", "cnid": "1304", "productId": "101360", "size": "20 oz btl"},
{"thumb": "http://i4.peapod.com/c/KK/KKNHZ.gif", "price": "399", "unit_price": "$.28/ oz", "name": "Johnson's Baby Oil Aloe Vera & Vitamin E", "cnid": "1304", "productId": "75436", "size": "14 oz btl"},
{"thumb": "http://i4.peapod.com/c/KK/KKNHZ.gif", "price": "459", "unit_price": "$.21/ oz", "name": "Johnson's Baby Powder", "cnid": "1304", "productId": "28514", "size": "22 oz btl"},
{"thumb": "http://i4.peapod.com/c/KK/KKNHZ.gif", "price": "269", "unit_price": "$.30/ oz", "name": "Johnson's Baby Powder", "cnid": "1304", "productId": "28519", "size": "9 oz btl"},
{"thumb": "http://i4.peapod.com/c/KK/KKNHZ.gif", "price": "399", "unit_price": "$.27/ oz", "name": "Johnson's Baby Powder Pure Cornstarch Lavender & Chamomile", "cnid": "1304", "productId": "130591", "size": "15 oz btl"},
{"thumb": "http://i4.peapod.com/c/KK/KKNHZ.gif", "price": "459", "unit_price": "$.21/ oz", "name": "Johnson's Baby Powder Pure Cornstarch with Aloe Vera & Vitamin E", "cnid": "1304", "productId": "119488", "size": "22 oz btl"},
{"thumb": "http://i4.peapod.com/c/KK/KKNHZ.gif", "price": "399", "unit_price": "$.27/ oz", "name": "Johnson's Baby Wash Head-To-Toe Ultra Mild", "cnid": "1304", "productId": "80337", "size": "15 oz btl"},
{"thumb": "http://i4.peapod.com/c/KK/KKNHZ.gif", "price": "369", "unit_price": "$.50/ oz", "name": "Johnson's Kids Super Sudzer E-Z Grip Soap Berry Breeze - 3 pk", "cnid": "1304", "productId": "128673", "size": "7.35 oz pkg"},
{"thumb": "http://i4.peapod.com/c/KK/KKNHZ.gif", "price": "1549", "unit_price": "$6.20/ oz", "name": "L'Oreal Dermo-Expertise Age Perfect Day Cream Anti-Sagging + Anti-Age Spot", "cnid": "1304", "productId": "149655", "size": "2.5 oz pkg"},
{"thumb": "http://i4.peapod.com/c/KK/KKNHZ.gif", "price": "399", "unit_price": "$.12/ oz", "name": "Lever 2000 Bath Soap Moisture Response Perfectly Fresh - 8 pk", "cnid": "1304", "productId": "20020", "size": "32 oz pkg"},
{"thumb": "http://i4.peapod.com/c/KK/KKNHZ.gif", "price": "799", "unit_price": "$.50/ oz", "name": "Lubriderm Advanced Therapy Lotion Extra Dry Skin Pump", "cnid": "1304", "productId": "110909", "size": "16 oz btl"},
{"thumb": "http://i4.peapod.com/c/KK/KKNHZ.gif", "price": "799", "unit_price": "$.50/ oz", "name": "Lubriderm Daily Moisture Lotion Normal to Dry Skin Fragrance Free Pump", "cnid": "1304", "productId": "12877", "size": "16 oz btl"},
{"thumb": "http://i4.peapod.com/c/KK/KKNHZ.gif", "price": "799", "unit_price": "$.50/ oz", "name": "Lubriderm Daily Moisture Lotion Normal to Dry Skin Pump", "cnid": "1304", "productId": "12878", "size": "16 oz btl"},
{"thumb": "http://i4.peapod.com/c/KK/KKNHZ.gif", "price": "449", "unit_price": "$.53/ oz", "name": "Lysol Healthy Touch No-Touch Hand Soap System Refill Aloe Vera & Vitamin E", "cnid": "1304", "productId": "163766", "size": "8.5 oz btl"},
{"thumb": "http://i4.peapod.com/c/KK/KKNHZ.gif", "price": "449", "unit_price": "$.53/ oz", "name": "Lysol Healthy Touch No-Touch Hand Soap System Refill Cucumber Splash", "cnid": "1304", "productId": "157613", "size": "8.5 oz btl"},
{"thumb": "http://i4.peapod.com/c/KK/KKNHZ.gif", "price": "1399", "unit_price": "$13.99/ ea", "name": "Lysol Healthy Touch No-Touch Hand Soap System Stainless Steel Aloe Vera", "cnid": "1304", "productId": "163767", "size": "1 ct"},
{"thumb": "http://i4.peapod.com/c/KK/KKNHZ.gif", "price": "1199", "unit_price": "$11.99/ ea", "name": "Lysol No-Touch Kitchen System Starter Berry Sparkle Scent", "cnid": "1304", "productId": "186708", "size": "1 kit"},
{"thumb": "http://i4.peapod.com/c/KK/KKNHZ.gif", "price": "749", "unit_price": "$1.78/ oz", "name": "Neutrogena Acne Stress Control Power-Clear Scrub Oil-Free", "cnid": "1304", "productId": "145588", "size": "4.2 oz btl"},
{"thumb": "http://i4.peapod.com/c/KK/KKNHZ.gif", "price": "649", "unit_price": "$.93/ oz", "name": "Neutrogena Deep Clean Cream Cleanser", "cnid": "1304", "productId": "106402", "size": "7 oz pkg"},
{"thumb": "http://i4.peapod.com/c/KK/KKNHZ.gif", "price": "299", "unit_price": "$.85/ oz", "name": "Neutrogena Facial Cleansing Bar Original Fragrance Free", "cnid": "1304", "productId": "8103", "size": "3.5 oz bar"},
{"thumb": "http://i4.peapod.com/c/KK/KKNHZ.gif", "price": "1099", "unit_price": "$2.75/ oz", "name": "Neutrogena Facial Moisturizer Sensitive Skin Oil Free", "cnid": "1304", "productId": "46961", "size": "4 oz pkg"},
{"thumb": "http://i4.peapod.com/c/KK/KKNHZ.gif", "price": "449", "unit_price": "$2.24/ oz", "name": "Neutrogena Norwegian Formula Hand Cream Fragrance Free", "cnid": "1304", "productId": "78281", "size": "2 oz sqz"},
{"thumb": "http://i4.peapod.com/c/KK/KKNHZ.gif", "price": "449", "unit_price": "$2.24/ oz", "name": "Neutrogena Norwegian Formula Hand Cream Original", "cnid": "1304", "productId": "48295", "size": "2 oz sqz"},
{"thumb": "http://i4.peapod.com/c/KK/KKNHZ.gif", "price": "699", "unit_price": "$1.16/ oz", "name": "Neutrogena Oil-Free Acne Wash Pump", "cnid": "1304", "productId": "76677", "size": "6 oz btl"},
{"thumb": "http://i4.peapod.com/c/KK/KKNHZ.gif", "price": "1299", "unit_price": "$5.20/ oz", "name": "Neutrogena Pure & Free Baby Faces Sunblock Ultra Gentle Waterproof SPF 50", "cnid": "1304", "productId": "186994", "size": "2.5 oz pkg"},
{"thumb": "http://i4.peapod.com/c/KK/KKNHZ.gif", "price": "599", "unit_price": "$1.36/ oz", "name": "Nivea For Men Face Scrub Revitalizing", "cnid": "1304", "productId": "139398", "size": "4.4 oz btl"},
{"thumb": "http://i4.peapod.com/c/KK/KKNHZ.gif", "price": "1099", "unit_price": "$.69/ oz", "name": "No Ad Sunblock Waterproof SPF 30", "cnid": "1304", "productId": "81128", "size": "16 oz btl"},
{"thumb": "http://i4.peapod.com/c/KK/KKNHZ.gif", "price": "449", "unit_price": "$.37/ oz", "name": "Noxzema Deep Cleansing Cream The Original", "cnid": "1304", "productId": "172122", "size": "12 oz jar"},
{"thumb": "http://i4.peapod.com/c/KK/KKNHZ.gif", "price": "799", "unit_price": "$1.33/ oz", "name": "Ocean Potion Suncare Sunblock 30 SPF Sport", "cnid": "1304", "productId": "175240", "size": "6 oz can"},
{"thumb": "http://i4.peapod.com/c/KK/KKNHZ.gif", "price": "799", "unit_price": "$2.00/ oz", "name": "Olay Active Hydrating Beauty Fluid Lotion Original", "cnid": "1304", "productId": "15645", "size": "4 oz pkg"},
{"thumb": "http://i4.peapod.com/c/KK/KKNHZ.gif", "price": "749", "unit_price": "$3.74/ oz", "name": "Olay Active Hydrating Cream Original", "cnid": "1304", "productId": "172888", "size": "2 oz jar"},
{"thumb": "http://i4.peapod.com/c/KK/KKNHZ.gif", "price": "649", "unit_price": "$.55/ oz", "name": "Olay Body Lotion Luscious Embrace Pump", "cnid": "1304", "productId": "172661", "size": "11.8 oz btl"},
{"thumb": "http://i4.peapod.com/c/KK/KKNHZ.gif", "price": "649", "unit_price": "$.55/ oz", "name": "Olay Body Lotion Silk Whimsy Pump", "cnid": "1304", "productId": "173081", "size": "11.8 oz btl"},
{"thumb": "http://i4.peapod.com/c/KK/KKNHZ.gif", "price": "649", "unit_price": "$.55/ oz", "name": "Olay Body Lotion Ultra Moisture Pump", "cnid": "1304", "productId": "149179", "size": "11.8 oz btl"},
{"thumb": "http://i4.peapod.com/c/KK/KKNHZ.gif", "price": "349", "unit_price": "$.41/ oz", "name": "Olay Body Moisturizing Bars Ultra Moisture with Shea Butter White - 2 ct", "cnid": "1304", "productId": "163963", "size": "8.5 oz pkg"},
{"thumb": "http://i4.peapod.com/c/KK/KKNHZ.gif", "price": "749", "unit_price": "$3.74/ oz", "name": "Olay Complete Moisture Cream All Day Normal Oil Free SPF 15", "cnid": "1304", "productId": "170671", "size": "2 oz pkg"},
{"thumb": "http://i4.peapod.com/c/KK/KKNHZ.gif", "price": "799", "unit_price": "$2.00/ oz", "name": "Olay Complete Moisturizer All Day Normal Oil Free SPF 15", "cnid": "1304", "productId": "149662", "size": "4 oz pkg"},
{"thumb": "http://i4.peapod.com/c/KK/KKNHZ.gif", "price": "1299", "unit_price": "$2.16/ oz", "name": "Olay Complete Moisturizer All Day Sensitive Oil Free SPF 15", "cnid": "1304", "productId": "90797", "size": "6 oz pkg"},
{"thumb": "http://i4.peapod.com/c/KK/KKNHZ.gif", "price": "799", "unit_price": "$2.00/ oz", "name": "Olay Complete Moisturizer All Day Sensitive Oil Free SPF 15", "cnid": "1304", "productId": "80874", "size": "4 oz btl"},
{"thumb": "http://i4.peapod.com/c/KK/KKNHZ.gif", "price": "799", "unit_price": "$.24/ ea", "name": "Olay Daily Facial Cloths 2-in-1 Combination/Oily", "cnid": "1304", "productId": "173501", "size": "33 ct pkg"},
{"thumb": "http://i4.peapod.com/c/KK/KKNHZ.gif", "price": "799", "unit_price": "$.24/ ea", "name": "Olay Daily Facial Cloths 2-in-1 Normal", "cnid": "1304", "productId": "173921", "size": "33 ct pkg"},
{"thumb": "http://i4.peapod.com/c/KK/KKNHZ.gif", "price": "1899", "unit_price": "$37.98/ oz", "name": "Olay Regenerist Advanced Anti-Aging Daily Treatment Eye Lifting Serum", "cnid": "1304", "productId": "139401", "size": ".5 oz btl"},
{"thumb": "http://i4.peapod.com/c/KK/KKNHZ.gif", "price": "799", "unit_price": "$1.23/ ea", "name": "Olay Regenerist Advanced Anti-Aging Pore Scrub Detoxifying", "cnid": "1304", "productId": "174529", "size": "6.5 oz sqz"},
{"thumb": "http://i4.peapod.com/c/KK/KKNHZ.gif", "price": "1899", "unit_price": "$11.17/ oz", "name": "Olay Regenerist Advanced Anti-Aging Regenerating Serum", "cnid": "1304", "productId": "132009", "size": "1.7 oz btl"},
{"thumb": "http://i4.peapod.com/c/KK/KKNHZ.gif", "price": "1899", "unit_price": "$11.17/ oz", "name": "Olay Regenerist Continuous Night Recovery Moisturizing Treatment", "cnid": "1304", "productId": "139402", "size": "1.7 oz jar"},
{"thumb": "http://i4.peapod.com/c/KK/KKNHZ.gif", "price": "549", "unit_price": "$1.10/ ea", "name": "Olay Regenerist Cream Cleanser Regenerating", "cnid": "1304", "productId": "149495", "size": "5 oz sqz"},
{"thumb": "http://i4.peapod.com/c/KK/KKNHZ.gif", "price": "2449", "unit_price": "$14.41/ oz", "name": "Olay Regenerist Micro Sculpting Cream", "cnid": "1304", "productId": "152860", "size": "1.7 oz btl"},
{"thumb": "http://i4.peapod.com/c/KK/KKNHZ.gif", "price": "2449", "unit_price": "$14.41/ oz", "name": "Olay Regenerist Wrinkle Revolution Complex", "cnid": "1304", "productId": "186025", "size": "1.7 oz btl"},
{"thumb": "http://i4.peapod.com/c/KK/KKNHZ.gif", "price": "699", "unit_price": "$.23/ ea", "name": "Olay Total Effects 7-in-1 Anti-Aging Cleanser Wet Cleansing Cloths", "cnid": "1304", "productId": "170940", "size": "30 ct pkg"},
{"thumb": "http://i4.peapod.com/c/KK/KKNHZ.gif", "price": "949", "unit_price": "$1.46/ oz", "name": "Olay Total Effects 7-in-1 Anti-Aging Foaming Cleanser Revitalizing", "cnid": "1304", "productId": "171400", "size": "6.5 oz sqz"},
{"thumb": "http://i4.peapod.com/c/KK/KKNHZ.gif", "price": "2049", "unit_price": "$12.05/ oz", "name": "Olay Total Effects 7-in-1 Anti-Aging UV Moisturizer Fragrance Free SPF 15", "cnid": "1304", "productId": "126460", "size": "1.7 oz pkg"},
{"thumb": "http://i4.peapod.com/c/KK/KKNHZ.gif", "price": "599", "unit_price": "$.20/ ea", "name": "Olay Wet Cleansing Cloths Sensitive", "cnid": "1304", "productId": "177053", "size": "30 ct pkg"},
{"thumb": "http://i4.peapod.com/c/KK/KKNHZ.gif", "price": "350", "unit_price": "$.19/ oz", "name": "Old Spice High Endurance Body Wash Fresh", "cnid": "1304", "productId": "137435", "size": "18 oz btl"},
{"thumb": "http://i4.peapod.com/c/KK/KKNHZ.gif", "price": "350", "unit_price": "$.19/ oz", "name": "Old Spice High Endurance Body Wash Pure Sport", "cnid": "1304", "productId": "137434", "size": "18 oz btl"},
{"thumb": "http://i4.peapod.com/c/KK/KKNHZ.gif", "price": "499", "unit_price": "$.17/ ea", "name": "Pond's Evening Soothe Wet Cleansing Towelettes w/Chamomile & White Tea", "cnid": "1304", "productId": "162986", "size": "30 ct pkg"},
{"thumb": "http://i4.peapod.com/c/KK/KKNHZ.gif", "price": "499", "unit_price": "$.17/ ea", "name": "Pond's Original All Day Clean Wet Cleansing Towelettes", "cnid": "1304", "productId": "127387", "size": "30 ct pkg"},
{"thumb": "http://i4.peapod.com/c/KK/KKNHZ.gif", "price": "299", "unit_price": "$.19/ oz", "name": "Sesame Street Bubble Bath Green Watermelon", "cnid": "1304", "productId": "139353", "size": "16 oz btl"},
{"thumb": "http://i4.peapod.com/c/KK/KKNHZ.gif", "price": "499", "unit_price": "$.20/ ea", "name": "Simple Kind To Skin Cleansing Facial Wipes", "cnid": "1304", "productId": "185853", "size": "25 ct pkg"},
{"thumb": "http://i4.peapod.com/c/KK/KKNHZ.gif", "price": "649", "unit_price": "$1.30/ ea", "name": "Simple Kind To Skin Moisturizing Facial Wash", "cnid": "1304", "productId": "185854", "size": "5 oz sqz"},
{"thumb": "http://i4.peapod.com/c/KK/KKNHZ.gif", "price": "250", "unit_price": "$.29/ oz", "name": "Softsoap Liquid Hand Soap Energizing Pomegranate & Mango Pump", "cnid": "1304", "productId": "160143", "size": "8.5 oz btl"},
{"thumb": "http://i4.peapod.com/c/KK/KKNHZ.gif", "price": "399", "unit_price": "$.27/ oz", "name": "Softsoap Moisturizing Body Wash Ultra Rich Shea Butter & Almond Oil", "cnid": "1304", "productId": "142367", "size": "15 oz btl"},
{"thumb": "http://i4.peapod.com/c/KK/KKNHZ.gif", "price": "250", "unit_price": "$.33/ oz", "name": "Softsoap Moisturizing Liquid Hand Soap Shea Butter Pump", "cnid": "1304", "productId": "149034", "size": "7.5 oz btl"},
{"thumb": "http://i4.peapod.com/c/KK/KKNHZ.gif", "price": "399", "unit_price": "$.67/ oz", "name": "St. Ives Apricot Scrub Invigorating Fresh Skin Oil Free", "cnid": "1304", "productId": "34449", "size": "6 oz sqz"},
{"thumb": "http://i4.peapod.com/c/KK/KKNHZ.gif", "price": "399", "unit_price": "$.67/ oz", "name": "St. Ives Apricot Scrub Medicated Blemish & Blackhead Control Oil Free", "cnid": "1304", "productId": "149667", "size": "6 oz sqz"},
{"thumb": "http://i4.peapod.com/c/KK/KKNHZ.gif", "price": "449", "unit_price": "$.08/ ea", "name": "Stridex Pads Maximum Strength Alcohol-Free Acne Medication", "cnid": "1304", "productId": "10434", "size": "55 ct pkg"},
{"thumb": "http://i4.peapod.com/c/KK/KKNHZ.gif", "price": "250", "unit_price": "$.14/ oz", "name": "Suave Body Lotion Advanced Therapy Pump", "cnid": "1304", "productId": "149386", "size": "18 oz btl"},
{"thumb": "http://i4.peapod.com/c/KK/KKNHZ.gif", "price": "250", "unit_price": "$.14/ oz", "name": "Suave Body Lotion Aloe with Cucumber Pump", "cnid": "1304", "productId": "141704", "size": "18 oz btl"},
{"thumb": "http://i4.peapod.com/c/KK/KKNHZ.gif", "price": "250", "unit_price": "$.14/ oz", "name": "Suave Body Lotion Cocoa Butter with Shea Pump", "cnid": "1304", "productId": "142464", "size": "18 oz btl"},
{"thumb": "http://i4.peapod.com/c/KK/KKNHZ.gif", "price": "250", "unit_price": "$.14/ oz", "name": "Suave Body Lotion Vitamin E Pump", "cnid": "1304", "productId": "141706", "size": "18 oz btl"},
{"thumb": "http://i4.peapod.com/c/KK/KKNHZ.gif", "price": "250", "unit_price": "$.14/ oz", "name": "Suave Naturals Body Lotion Sweet Pea & Violet Pump", "cnid": "1304", "productId": "161890", "size": "18 oz btl"},
{"thumb": "http://i4.peapod.com/c/KK/KKNHZ.gif", "price": "200", "unit_price": "$.17/ oz", "name": "Suave Naturals Body Wash Ocean Breeze", "cnid": "1304", "productId": "146916", "size": "12 oz btl"},
{"thumb": "http://i4.peapod.com/c/KK/KKNHZ.gif", "price": "1899", "unit_price": "$2.37/ oz", "name": "Triple Paste Medicated Ointment for Diaper Rash", "cnid": "1304", "productId": "162981", "size": "8 oz pkg"},
{"thumb": "http://i4.peapod.com/c/KK/KKNHZ.gif", "price": "349", "unit_price": "$.35/ oz", "name": "Vaseline Body Lotion Cocoa Butter Deep Conditioning", "cnid": "1304", "productId": "164053", "size": "10 oz btl"},
{"thumb": "http://i4.peapod.com/c/KK/KKNHZ.gif", "price": "279", "unit_price": "$.93/ oz", "name": "Afta by Mennen Skin Conditioner Fresh Scent", "cnid": "1297", "productId": "150762", "size": "3 oz btl"},
{"thumb": "http://i4.peapod.com/c/KK/KKNHZ.gif", "price": "169", "unit_price": "$.17/ oz", "name": "Barbasol Beard Buster Shave Cream Original", "cnid": "1297", "productId": "9068", "size": "10 oz can"},
{"thumb": "http://i4.peapod.com/c/KK/KKNHZ.gif", "price": "169", "unit_price": "$.17/ oz", "name": "Barbasol Beard Buster Shave Cream Soothing Aloe", "cnid": "1297", "productId": "28793", "size": "10 oz can"},
{"thumb": "http://i4.peapod.com/c/KK/KKNHZ.gif", "price": "399", "unit_price": "$1.00/ ea", "name": "BIC Comfort 3 Razors Berry Scent Triple Blade Disposable", "cnid": "1297", "productId": "134315", "size": "4 ct pkg"},
{"thumb": "http://i4.peapod.com/c/KK/KKNHZ.gif", "price": "599", "unit_price": "$1.50/ ea", "name": "BIC Soleil Razors Sensitive Skin Triple Blade Disposable", "cnid": "1297", "productId": "140631", "size": "4 ct pkg"},
{"thumb": "http://i4.peapod.com/c/KK/KKNHZ.gif", "price": "599", "unit_price": "$1.50/ ea", "name": "BIC Soleil Twilight Razors Lavender Scented Triple Blade Disposable", "cnid": "1297", "productId": "142788", "size": "4 ct pkg"},
{"thumb": "http://i4.peapod.com/c/KK/KKNHZ.gif", "price": "699", "unit_price": "$1.75/ ea", "name": "CareOne M5 Magnum Refill Cartridges 5 Blade & Trimmer", "cnid": "1297", "productId": "163232", "size": "4 ct pkg"},
{"thumb": "http://i4.peapod.com/c/KK/KKNHZ.gif", "price": "299", "unit_price": "$.43/ oz", "name": "Edge Shave Gel Extra Moisturizing with Vitamin E", "cnid": "1297", "productId": "39805", "size": "7 oz can"},
{"thumb": "http://i4.peapod.com/c/KK/KKNHZ.gif", "price": "299", "unit_price": "$.43/ oz", "name": "Edge Shave Gel Extra Protection Against Nicks & Cuts", "cnid": "1297", "productId": "22884", "size": "7 oz can"},
{"thumb": "http://i4.peapod.com/c/KK/KKNHZ.gif", "price": "299", "unit_price": "$.43/ oz", "name": "Edge Shave Gel Sensitive Skin with Aloe", "cnid": "1297", "productId": "6591", "size": "7 oz can"},
{"thumb": "http://i4.peapod.com/c/KK/KKNHZ.gif", "price": "299", "unit_price": "$.43/ oz", "name": "Edge Shave Gel Soothing Aloe with Twice the Aloe", "cnid": "1297", "productId": "123923", "size": "7 oz can"},
{"thumb": "http://i4.peapod.com/c/KK/KKNHZ.gif", "price": "899", "unit_price": "$.90/ ea", "name": "Gillette Custom Plus UltraGrip Razors w/Aloe Vit E Twin Blade Disposable", "cnid": "1297", "productId": "40253", "size": "10 ct pkg"},
{"thumb": "http://i4.peapod.com/c/KK/KKNHZ.gif", "price": "249", "unit_price": "$.23/ oz", "name": "Gillette Foamy Shaving Cream Regular", "cnid": "1297", "productId": "6650", "size": "11 oz can"},
{"thumb": "http://i4.peapod.com/c/KK/KKNHZ.gif", "price": "249", "unit_price": "$.23/ oz", "name": "Gillette Foamy Shaving Cream Sensitive Skin", "cnid": "1297", "productId": "28787", "size": "11 oz can"},
{"thumb": "http://i4.peapod.com/c/KK/KKNHZ.gif", "price": "329", "unit_price": "$.47/ oz", "name": "Gillette for Women SatinCare Shave Gel Dry Skin", "cnid": "1297", "productId": "42267", "size": "7 oz can"},
{"thumb": "http://i4.peapod.com/c/KK/KKNHZ.gif", "price": "350", "unit_price": "$.50/ oz", "name": "Gillette Fusion HydraGel Shave Gel Ultra Sensitive with Aloe & Vitamin E", "cnid": "1297", "productId": "140298", "size": "7 oz can"},
{"thumb": "http://i4.peapod.com/c/KK/KKNHZ.gif", "price": "1049", "unit_price": "$10.49/ ea", "name": "Gillette Fusion Power Razor, Cartridge & Battery 5 Blade + 1 Trimmer", "cnid": "1297", "productId": "140295", "size": "1 ct pkg"},
{"thumb": "http://i4.peapod.com/c/KK/KKNHZ.gif", "price": "1749", "unit_price": "$4.37/ ea", "name": "Gillette Fusion Power Refill Cartridges 5 Blade + 1 Trimmer", "cnid": "1297", "productId": "140407", "size": "4 ct pkg"},
{"thumb": "http://i4.peapod.com/c/KK/KKNHZ.gif", "price": "1899", "unit_price": "$4.75/ ea", "name": "Gillette Fusion ProGlide Power Refill Cartridges/Scrub 5 Blade + MicroComb", "cnid": "1297", "productId": "159444", "size": "4 ct pkg"},
{"thumb": "http://i4.peapod.com/c/KK/KKNHZ.gif", "price": "949", "unit_price": "$9.49/ ea", "name": "Gillette Fusion ProGlide Razor & 2 Cartridges 5 Blade", "cnid": "1297", "productId": "159450", "size": "1 ct pkg"},
{"thumb": "http://i4.peapod.com/c/KK/KKNHZ.gif", "price": "1749", "unit_price": "$4.37/ ea", "name": "Gillette Fusion ProGlide Refill Cartridges & 1 Thermal Face Scrub 5 Blade", "cnid": "1297", "productId": "159448", "size": "4 ct pkg"},
{"thumb": "http://i4.peapod.com/c/KK/KKNHZ.gif", "price": "999", "unit_price": "$9.99/ ea", "name": "Gillette Fusion Razor & 2 Cartridges 5 Blade + 1 Trimmer", "cnid": "1297", "productId": "140294", "size": "1 ct pkg"},
{"thumb": "http://i4.peapod.com/c/KK/KKNHZ.gif", "price": "2999", "unit_price": "$3.75/ ea", "name": "Gillette Fusion Refill Cartridges 5 Blade + 1 Trimmer", "cnid": "1297", "productId": "140296", "size": "8 ct pkg"},
{"thumb": "http://i4.peapod.com/c/KK/KKNHZ.gif", "price": "1649", "unit_price": "$4.12/ ea", "name": "Gillette Fusion Refill Cartridges 5 Blade + 1 Trimmer", "cnid": "1297", "productId": "140406", "size": "4 ct pkg"},
{"thumb": "http://i4.peapod.com/c/KK/KKNHZ.gif", "price": "949", "unit_price": "$.79/ ea", "name": "Gillette Good News! Razors Twin Blade Disposable Value Pack", "cnid": "1297", "productId": "135671", "size": "12 ct pkg"},
{"thumb": "http://i4.peapod.com/c/KK/KKNHZ.gif", "price": "799", "unit_price": "$2.66/ ea", "name": "Gillette Mach3 Razors Sensitive Triple Blade Disposable", "cnid": "1297", "productId": "152229", "size": "3 ct pkg"},
{"thumb": "http://i4.peapod.com/c/KK/KKNHZ.gif", "price": "2849", "unit_price": "$2.37/ ea", "name": "Gillette Mach3 Refill Cartridges Triple Blade", "cnid": "1297", "productId": "163929", "size": "12 ct pkg"},
{"thumb": "http://i4.peapod.com/c/KK/KKNHZ.gif", "price": "2199", "unit_price": "$2.75/ ea", "name": "Gillette Mach3 Refill Cartridges Triple Blade", "cnid": "1297", "productId": "94477", "size": "8 ct pkg"},
{"thumb": "http://i4.peapod.com/c/KK/KKNHZ.gif", "price": "1399", "unit_price": "$2.80/ ea", "name": "Gillette Mach3 Refill Cartridges Triple Blade", "cnid": "1297", "productId": "94476", "size": "5 ct pkg"},
{"thumb": "http://i4.peapod.com/c/KK/KKNHZ.gif", "price": "2449", "unit_price": "$3.06/ ea", "name": "Gillette Mach3 Turbo Refill Cartridges Triple Blade", "cnid": "1297", "productId": "127674", "size": "8 ct pkg"},
{"thumb": "http://i4.peapod.com/c/KK/KKNHZ.gif", "price": "2199", "unit_price": "$2.20/ ea", "name": "Gillette Sensor Excel Refill Cartridges Twin Blade", "cnid": "1297", "productId": "38322", "size": "10 ct pkg"},
{"thumb": "http://i4.peapod.com/c/KK/KKNHZ.gif", "price": "250", "unit_price": "$.98/ oz", "name": "Gillette Series After Shave Lotion Sensitive", "cnid": "1297", "productId": "128380", "size": "2.54 oz btl"},
{"thumb": "http://i4.peapod.com/c/KK/KKNHZ.gif", "price": "329", "unit_price": "$.47/ oz", "name": "Gillette Series Shave Gel Moisturizing", "cnid": "1297", "productId": "28981", "size": "7 oz can"},
{"thumb": "http://i4.peapod.com/c/KK/KKNHZ.gif", "price": "329", "unit_price": "$.47/ oz", "name": "Gillette Series Shave Gel Sensitive Skin with Aloe", "cnid": "1297", "productId": "24867", "size": "7 oz can"},
{"thumb": "http://i4.peapod.com/c/KK/KKNHZ.gif", "price": "1699", "unit_price": "$4.25/ ea", "name": "Gillette Venus Breeze Refill Cartridges 2 in 1 Shave Gel Bars 3 Blade", "cnid": "1297", "productId": "144893", "size": "4 ct pkg"},
{"thumb": "http://i4.peapod.com/c/KK/KKNHZ.gif", "price": "999", "unit_price": "$9.99/ ea", "name": "Gillette Venus Embrace Razor, 2 Cartridges & 1 ShowerPod 5 Blade", "cnid": "1297", "productId": "149196", "size": "1 ct pkg"},
{"thumb": "http://i4.peapod.com/c/KK/KKNHZ.gif", "price": "1699", "unit_price": "$4.25/ ea", "name": "Gillette Venus Embrace Refill Cartridges with Ribbon of Moisture 5 Blade", "cnid": "1297", "productId": "149200", "size": "4 ct pkg"},
{"thumb": "http://i4.peapod.com/c/KK/KKNHZ.gif", "price": "829", "unit_price": "$2.76/ ea", "name": "Gillette Venus Razors Sensitive Extra Lubricants Triple Blade Disposable", "cnid": "1297", "productId": "163928", "size": "3 ct pkg"},
{"thumb": "http://i4.peapod.com/c/KK/KKNHZ.gif", "price": "1299", "unit_price": "$3.25/ ea", "name": "Gillette Venus Refill Cartridges with Indicator Strip Triple Blade", "cnid": "1297", "productId": "123816", "size": "4 ct pkg"},
{"thumb": "http://i4.peapod.com/c/KK/KKNHZ.gif", "price": "999", "unit_price": "$9.99/ ea", "name": "Gillette Venus Spa Breeze Razor/2 Cartridges 2 in 1 Shave Gel Bars 3 Blade", "cnid": "1297", "productId": "160595", "size": "1 ct pkg"},
{"thumb": "http://i4.peapod.com/c/KK/KKNHZ.gif", "price": "499", "unit_price": "$4.99/ oz", "name": "Jolen Creme Bleach Lightens Excess Dark Hair", "cnid": "1297", "productId": "48448", "size": "1 oz pkg"},
{"thumb": "http://i4.peapod.com/c/KK/KKNHZ.gif", "price": "2349", "unit_price": "$23.49/ ea", "name": "Olay Smooth Finish Facial Hair Removal Duo Fine to Medium Hair", "cnid": "1297", "productId": "187267", "size": "1 kit"},
{"thumb": "http://i4.peapod.com/c/KK/KKNHZ.gif", "price": "999", "unit_price": "$9.99/ ea", "name": "Schick Hydro 5 Razor & 2 Cartridges with Hydrating Gel Reservoir 5 Blade", "cnid": "1297", "productId": "163931", "size": "1 ct pkg"},
{"thumb": "http://i4.peapod.com/c/KK/KKNHZ.gif", "price": "1299", "unit_price": "$4.33/ ea", "name": "Schick Intuition Plus Refill Cartridges Renewing Moisture with Pomegranate", "cnid": "1297", "productId": "167366", "size": "3 ct pkg"},
{"thumb": "http://i4.peapod.com/c/KK/KKNHZ.gif", "price": "949", "unit_price": "$9.49/ ea", "name": "Schick Quattro 4 Blade Razor, 2 Cartridges & 1 Shower Hanger", "cnid": "1297", "productId": "136976", "size": "1 ct pkg"},
{"thumb": "http://i4.peapod.com/c/KK/KKNHZ.gif", "price": "1099", "unit_price": "$2.75/ ea", "name": "Schick Quattro for Women Refill Cartridges with Aloe", "cnid": "1297", "productId": "152234", "size": "4 ct pkg"},
{"thumb": "http://i4.peapod.com/c/KK/KKNHZ.gif", "price": "699", "unit_price": "$2.33/ ea", "name": "Schick Quattro Razors Raspberry Rain Scented Handles 4 Blade Disposable", "cnid": "1297", "productId": "144803", "size": "3 ct pkg"},
{"thumb": "http://i4.peapod.com/c/KK/KKNHZ.gif", "price": "1099", "unit_price": "$2.75/ ea", "name": "Schick Quattro Refill Cartridges 4 Blade", "cnid": "1297", "productId": "132673", "size": "4 ct pkg"},
{"thumb": "http://i4.peapod.com/c/KK/KKNHZ.gif", "price": "599", "unit_price": "$.50/ ea", "name": "Schick ST2 Slim Twin Razor Sensitive for Men w/Vit E Disposable Value Size", "cnid": "1297", "productId": "82559", "size": "12 ct pkg"},
{"thumb": "http://i4.peapod.com/c/KK/KKNHZ.gif", "price": "1149", "unit_price": "$1.44/ ea", "name": "Schick Xtreme3 Razors Triple Blade Disposable Sensitive", "cnid": "1297", "productId": "117523", "size": "8 ct pkg"},
{"thumb": "http://i4.peapod.com/c/KK/KKNHZ.gif", "price": "299", "unit_price": "$.43/ oz", "name": "Skintimate Shave Gel Baby Soft with Baby Oil & Vitamin E", "cnid": "1297", "productId": "34184", "size": "7 oz can"},
{"thumb": "http://i4.peapod.com/c/KK/KKNHZ.gif", "price": "299", "unit_price": "$.43/ oz", "name": "Skintimate Skin Therapy Moisturizing Shave Gel Dry Skin Lotionized", "cnid": "1297", "productId": "34183", "size": "7 oz can"},
{"thumb": "http://i4.peapod.com/c/KK/KKNHZ.gif", "price": "999", "unit_price": "$.83/ ea", "name": "Durex Avanti Bare Condoms Lubricated Isoprene Non-Latex", "cnid": "1231", "productId": "163764", "size": "12 ct pkg"},
{"thumb": "http://i4.peapod.com/c/KK/KKNHZ.gif", "price": "499", "unit_price": "$1.25/ oz", "name": "K-Y Jelly Personal Lubricant Tube", "cnid": "1231", "productId": "10695", "size": "4 oz pkg"},
{"thumb": "http://i4.peapod.com/c/KK/KKNHZ.gif", "price": "999", "unit_price": "$1.00/ ea", "name": "Trojan Her Pleasure Ecstasy Condoms UltraSmooth Lubricant Latex", "cnid": "1231", "productId": "170492", "size": "10 ct pkg"},
{"thumb": "http://i4.peapod.com/c/KK/KKNHZ.gif", "price": "999", "unit_price": "$.83/ ea", "name": "Trojan Pleasure Pack Condoms with Twisted, Sensations, Intense, Fire & Ice", "cnid": "1231", "productId": "170495", "size": "12 ct pkg"},
{"thumb": "http://i4.peapod.com/c/KK/KKNHZ.gif", "price": "999", "unit_price": "$.83/ ea", "name": "Trojan Pleasures Extended Condoms Climax Control Lubricant Latex", "cnid": "1231", "productId": "170494", "size": "12 ct pkg"},
{"thumb": "http://i4.peapod.com/c/KK/KKNHZ.gif", "price": "999", "unit_price": "$1.00/ ea", "name": "Trojan Pleasures Fire & Ice Condoms Dual Action Lubricant Latex", "cnid": "1231", "productId": "165727", "size": "10 ct pkg"},
{"thumb": "http://i4.peapod.com/c/KK/KKNHZ.gif", "price": "999", "unit_price": "$.83/ ea", "name": "Trojan Sensitivity Ultra Thin Premium Condoms Premium Lubricant Latex", "cnid": "1231", "productId": "170497", "size": "12 ct box"},
{"thumb": "http://i4.peapod.com/c/KK/KKNHZ.gif", "price": "999", "unit_price": "$.83/ ea", "name": "Trojan Stimulations Ultra Ribbed Condoms Premium Lubricant Latex", "cnid": "1231", "productId": "170496", "size": "12 ct pkg"},
{"thumb": "http://i4.peapod.com/c/KK/KKNHZ.gif", "price": "599", "unit_price": "$1.50/ oz", "name": "Advil Children's Fever Reducer Pain Reliever Ibuprofen Fruit Suspension", "cnid": "1292", "productId": "73892", "size": "4 oz pkg"},
{"thumb": "http://i4.peapod.com/c/KK/KKNHZ.gif", "price": "599", "unit_price": "$1.50/ oz", "name": "Advil Children's Fever Reducer Pain Reliever Ibuprofen Grape Suspension", "cnid": "1292", "productId": "107449", "size": "4 oz pkg"},
{"thumb": "http://i4.peapod.com/c/KK/KKNHZ.gif", "price": "649", "unit_price": "$.13/ ea", "name": "Advil Ibuprofen 200 mg Coated Caplets", "cnid": "1292", "productId": "10300", "size": "50 ct btl"},
{"thumb": "http://i4.peapod.com/c/KK/KKNHZ.gif", "price": "949", "unit_price": "$.09/ ea", "name": "Advil Ibuprofen 200 mg Coated Caplets", "cnid": "1292", "productId": "60338", "size": "100 ct btl"},
{"thumb": "http://i4.peapod.com/c/KK/KKNHZ.gif", "price": "949", "unit_price": "$.09/ ea", "name": "Advil Ibuprofen 200 mg Coated Tablets", "cnid": "1292", "productId": "10297", "size": "100 ct btl"},
{"thumb": "http://i4.peapod.com/c/KK/KKNHZ.gif", "price": "649", "unit_price": "$.13/ ea", "name": "Advil Ibuprofen 200 mg Coated Tablets", "cnid": "1292", "productId": "10296", "size": "50 ct btl"},
{"thumb": "http://i4.peapod.com/c/KK/KKNHZ.gif", "price": "649", "unit_price": "$.13/ ea", "name": "Advil Ibuprofen 200 mg Gel Caplets", "cnid": "1292", "productId": "46752", "size": "50 ct btl"},
{"thumb": "http://i4.peapod.com/c/KK/KKNHZ.gif", "price": "949", "unit_price": "$.09/ ea", "name": "Advil Ibuprofen 200 mg Gel Caplets", "cnid": "1292", "productId": "45584", "size": "100 ct btl"},
{"thumb": "http://i4.peapod.com/c/KK/KKNHZ.gif", "price": "739", "unit_price": "$.19/ ea", "name": "Advil Ibuprofen 200 mg Liqui-Gels", "cnid": "1292", "productId": "102207", "size": "40 ct btl"},
{"thumb": "http://i4.peapod.com/c/KK/KKNHZ.gif", "price": "979", "unit_price": "$.12/ ea", "name": "Advil Ibuprofen 200 mg Liqui-Gels", "cnid": "1292", "productId": "102208", "size": "80 ct btl"},
{"thumb": "http://i4.peapod.com/c/KK/KKNHZ.gif", "price": "569", "unit_price": "$11.38/ oz", "name": "Advil Infants' Fever Reducer Ibuprofen Dye-Free White Grape Drops", "cnid": "1292", "productId": "137735", "size": ".5 oz pkg"},
{"thumb": "http://i4.peapod.com/c/KK/KKNHZ.gif", "price": "799", "unit_price": "$.20/ ea", "name": "Advil PM Ibuprofen 200 mg Coated Caplets", "cnid": "1292", "productId": "141926", "size": "40 ct btl"},
{"thumb": "http://i4.peapod.com/c/KK/KKNHZ.gif", "price": "999", "unit_price": "$.10/ ea", "name": "Aleve Naproxen Sodium 220 mg Caplets", "cnid": "1292", "productId": "48466", "size": "100 ct btl"},
{"thumb": "http://i4.peapod.com/c/KK/KKNHZ.gif", "price": "499", "unit_price": "$.10/ ea", "name": "Aleve Naproxen Sodium 220 mg Caplets", "cnid": "1292", "productId": "30005", "size": "50 ct btl"},
{"thumb": "http://i4.peapod.com/c/KK/KKNHZ.gif", "price": "499", "unit_price": "$.12/ ea", "name": "Aleve Naproxen Sodium 220 mg Gelcaps", "cnid": "1292", "productId": "109196", "size": "40 ct btl"},
{"thumb": "http://i4.peapod.com/c/KK/KKNHZ.gif", "price": "499", "unit_price": "$.12/ ea", "name": "Aleve Naproxen Sodium 220 mg Liquid Gels", "cnid": "1292", "productId": "151608", "size": "40 ct btl"},
{"thumb": "http://i4.peapod.com/c/KK/KKNHZ.gif", "price": "499", "unit_price": "$.10/ ea", "name": "Aleve Naproxen Sodium 220 mg Tablets", "cnid": "1292", "productId": "149329", "size": "50 ct btl"},
{"thumb": "http://i4.peapod.com/c/KK/KKNHZ.gif", "price": "649", "unit_price": "$2.16/ oz", "name": "Aspercreme Analgesic Creme Rub with Aloe", "cnid": "1292", "productId": "15361", "size": "3 oz pkg"},
{"thumb": "http://i4.peapod.com/c/KK/KKNHZ.gif", "price": "499", "unit_price": "$27.72/ oz", "name": "Baby Orajel Nighttime Formula Extra Strength", "cnid": "1292", "productId": "10965", "size": ".18 oz pkg"},
{"thumb": "http://i4.peapod.com/c/KK/KKNHZ.gif", "price": "699", "unit_price": "$.06/ ea", "name": "Bayer Adult Regimen Aspirin Low Strength 81 mg Tablets", "cnid": "1292", "productId": "29541", "size": "120 ct btl"},
{"thumb": "http://i4.peapod.com/c/KK/KKNHZ.gif", "price": "659", "unit_price": "$.07/ ea", "name": "Bayer Aspirin 325 mg Tablets", "cnid": "1292", "productId": "10436", "size": "100 ct btl"},
{"thumb": "http://i4.peapod.com/c/KK/KKNHZ.gif", "price": "1099", "unit_price": "$.05/ ea", "name": "Bayer Aspirin 325 mg Tablets", "cnid": "1292", "productId": "163926", "size": "200 ct btl"},
{"thumb": "http://i4.peapod.com/c/KK/KKNHZ.gif", "price": "269", "unit_price": "$.08/ ea", "name": "Bayer Aspirin 81 mg Low Dose Orange Flavor Chewable Tablets", "cnid": "1292", "productId": "10438", "size": "36 ct btl"},
{"thumb": "http://i4.peapod.com/c/KK/KKNHZ.gif", "price": "1399", "unit_price": "$.05/ ea", "name": "Bayer Aspirin Regimen 81 mg Low Dose Safety Coated Tablets", "cnid": "1292", "productId": "152228", "size": "300 ct btl"},
{"thumb": "http://i4.peapod.com/c/KK/KKNHZ.gif", "price": "399", "unit_price": "$2.00/ oz", "name": "BENGAY Pain Relieving Cream Greaseless", "cnid": "1292", "productId": "41675", "size": "2 oz pkg"},
{"thumb": "http://i4.peapod.com/c/KK/KKNHZ.gif", "price": "599", "unit_price": "$.37/ oz", "name": "CareOne Aloe Vera Gel Pump", "cnid": "1292", "productId": "144777", "size": "16 oz btl"},
{"thumb": "http://i4.peapod.com/c/KK/KKNHZ.gif", "price": "449", "unit_price": "$.01/ ea", "name": "CareOne Aspirin Regular Strength 325 mg Tablets", "cnid": "1292", "productId": "58480", "size": "300 ct btl"},
{"thumb": "http://i4.peapod.com/c/KK/KKNHZ.gif", "price": "479", "unit_price": "$1.20/ oz", "name": "CareOne Children's Ibuprofen Oral Suspension Berry", "cnid": "1292", "productId": "136084", "size": "4 oz btl"},
{"thumb": "http://i4.peapod.com/c/KK/KKNHZ.gif", "price": "479", "unit_price": "$1.20/ oz", "name": "CareOne Children's Ibuprofen Oral Suspension Bubble Gum Flavor", "cnid": "1292", "productId": "160498", "size": "4 oz btl"},
{"thumb": "http://i4.peapod.com/c/KK/KKNHZ.gif", "price": "250", "unit_price": "$.62/ oz", "name": "CareOne Children's Pain Relief Suspension Liquid Grape Flavor", "cnid": "1292", "productId": "163932", "size": "4 oz btl"},
{"thumb": "http://i4.peapod.com/c/KK/KKNHZ.gif", "price": "250", "unit_price": "$.05/ ea", "name": "CareOne Extra Strength Pain Relief Acetaminophen 500 mg Caplets", "cnid": "1292", "productId": "58489", "size": "50 ct btl"},
{"thumb": "http://i4.peapod.com/c/KK/KKNHZ.gif", "price": "1249", "unit_price": "$.03/ ea", "name": "CareOne Extra Strength Pain Relief Acetaminophen 500 mg Tablets", "cnid": "1292", "productId": "120848", "size": "500 ct btl"},
{"thumb": "http://i4.peapod.com/c/KK/KKNHZ.gif", "price": "599", "unit_price": "$.06/ ea", "name": "CareOne Hemorrhoidal Pads", "cnid": "1292", "productId": "150605", "size": "100 ct pkg"},
{"thumb": "http://i4.peapod.com/c/KK/KKNHZ.gif", "price": "769", "unit_price": "$.04/ ea", "name": "CareOne Ibuprofen 200 mg Tablets", "cnid": "1292", "productId": "152794", "size": "200 ct btl"},
{"thumb": "http://i4.peapod.com/c/KK/KKNHZ.gif", "price": "1299", "unit_price": "$.03/ ea", "name": "CareOne Ibuprofen 200 mg Tablets", "cnid": "1292", "productId": "120847", "size": "500 ct btl"},
{"thumb": "http://i4.peapod.com/c/KK/KKNHZ.gif", "price": "399", "unit_price": "$.04/ ea", "name": "CareOne Ibuprofen 200 mg Tablets", "cnid": "1292", "productId": "121107", "size": "100 ct btl"},
{"thumb": "http://i4.peapod.com/c/KK/KKNHZ.gif", "price": "699", "unit_price": "$6.99/ oz", "name": "CareOne Infants' Ibuprofen Berry Dye-Free Oral Suspension", "cnid": "1292", "productId": "152181", "size": "1 oz btl"},
{"thumb": "http://i4.peapod.com/c/KK/KKNHZ.gif", "price": "899", "unit_price": "$3.00/ oz", "name": "Delsym Children's Cough Suppressant 12 Hour Relief Extended Release Orange", "cnid": "1292", "productId": "162559", "size": "3 oz btl"},
{"thumb": "http://i4.peapod.com/c/KK/KKNHZ.gif", "price": "399", "unit_price": "$3.33/ oz", "name": "Icy Hot Cream Greaseless", "cnid": "1292", "productId": "128630", "size": "1.2 oz pkg"},
{"thumb": "http://i4.peapod.com/c/KK/KKNHZ.gif", "price": "749", "unit_price": "$1.50/ ea", "name": "Icy Hot Pain Relieving Patch Extra Strength for Back & Large Areas", "cnid": "1292", "productId": "149346", "size": "5 ct pkg"},
{"thumb": "http://i4.peapod.com/c/KK/KKNHZ.gif", "price": "849", "unit_price": "$.21/ ea", "name": "Midol Complete Multi-Symptom Relief Maximum Strength Caplets Value Size", "cnid": "1292", "productId": "139787", "size": "40 ct pkg"},
{"thumb": "http://i4.peapod.com/c/KK/KKNHZ.gif", "price": "599", "unit_price": "$.25/ ea", "name": "Midol Menstrual Complete Maximum Strength 500 mg Gelcaps", "cnid": "1292", "productId": "46262", "size": "24 ct box"},
{"thumb": "http://i4.peapod.com/c/KK/KKNHZ.gif", "price": "699", "unit_price": "$7.77/ oz", "name": "Preparation H Hemorrhoidal Cooling Gel", "cnid": "1292", "productId": "110924", "size": ".9 oz pkg"},
{"thumb": "http://i4.peapod.com/c/KK/KKNHZ.gif", "price": "699", "unit_price": "$7.77/ oz", "name": "Preparation H Hemorrhoidal Cream Maximum Strength", "cnid": "1292", "productId": "85381", "size": ".9 oz pkg"},
{"thumb": "http://i4.peapod.com/c/KK/KKNHZ.gif", "price": "699", "unit_price": "$6.99/ oz", "name": "Preparation H Hemorrhoidal Ointment", "cnid": "1292", "productId": "10318", "size": "1 oz pkg"},
{"thumb": "http://i4.peapod.com/c/KK/KKNHZ.gif", "price": "1099", "unit_price": "$.11/ ea", "name": "Preparation H Medicated Hemorrhoidal Wipes with Aloe 2 - 48 Count Pouches", "cnid": "1292", "productId": "160670", "size": "96 ct pkg"},
{"thumb": "http://i4.peapod.com/c/KK/KKNHZ.gif", "price": "749", "unit_price": "$.08/ ea", "name": "Tucks Hemorrhoidal Pads with Witch Hazel", "cnid": "1292", "productId": "44451", "size": "100 ct pkg"},
{"thumb": "http://i4.peapod.com/c/KK/KKNHZ.gif", "price": "799", "unit_price": "$.08/ ea", "name": "Tylenol Regular Strength Acetaminophen 325 mg Tablets", "cnid": "1292", "productId": "149380", "size": "100 ct btl"},
{"thumb": "http://i4.peapod.com/c/KK/KKNHZ.gif", "price": "999", "unit_price": "$.31/ ea", "name": "Unisom Nightime Sleep Aid Tablets", "cnid": "1292", "productId": "22858", "size": "32 ct pkg"},
{"thumb": "http://i4.peapod.com/c/KK/KKNHZ.gif", "price": "699", "unit_price": "$.44/ ea", "name": "Unisom Sleep Aid Maximum Strength SleepGels", "cnid": "1292", "productId": "82412", "size": "16 ct box"},
{"thumb": "http://i4.peapod.com/c/KK/KKNHZ.gif", "price": "429", "unit_price": "$.24/ oz", "name": "ACT Anticavity Fluoride Rinse Mint Alcohol Free", "cnid": "1279", "productId": "45303", "size": "18 oz btl"},
{"thumb": "http://i4.peapod.com/c/KK/KKNHZ.gif", "price": "499", "unit_price": "$.28/ oz", "name": "ACT Restoring Anticavity Mouthwash Cool Splash Spearmint", "cnid": "1279", "productId": "150837", "size": "18 oz btl"},
{"thumb": "http://i4.peapod.com/c/KK/KKNHZ.gif", "price": "499", "unit_price": "$.28/ oz", "name": "ACT Total Care Anticavity Fluoride Mouthwash Icy Clean Mint", "cnid": "1279", "productId": "158174", "size": "18 oz btl"},
{"thumb": "http://i4.peapod.com/c/KK/KKNHZ.gif", "price": "319", "unit_price": "$.57/ oz", "name": "Aquafresh Extreme Clean Toothpaste Deep Action", "cnid": "1279", "productId": "7637", "size": "5.6 oz pkg"},
{"thumb": "http://i4.peapod.com/c/KK/KKNHZ.gif", "price": "199", "unit_price": "$.31/ oz", "name": "Aquafresh Triple Protection Whitening Fluoride Toothpaste Extra Fresh", "cnid": "1279", "productId": "22733", "size": "6.4 oz pkg"},
{"thumb": "http://i4.peapod.com/c/KK/KKNHZ.gif", "price": "279", "unit_price": "$.47/ oz", "name": "Aquafresh Ultimate White Toothpaste with Whitening Action", "cnid": "1279", "productId": "54182", "size": "6 oz pkg"},
{"thumb": "http://i4.peapod.com/c/KK/KKNHZ.gif", "price": "300", "unit_price": "$.50/ oz", "name": "Arm & Hammer Advance White Toothpaste Baking Soda Peroxide Tartar Control", "cnid": "1279", "productId": "108604", "size": "6 oz pkg"},
{"thumb": "http://i4.peapod.com/c/KK/KKNHZ.gif", "price": "300", "unit_price": "$.50/ oz", "name": "Arm & Hammer Advance White Toothpaste Fluoride Anti-Cavity Fresh Mint", "cnid": "1279", "productId": "163959", "size": "6 oz pkg"},
{"thumb": "http://i4.peapod.com/c/KK/KKNHZ.gif", "price": "300", "unit_price": "$.70/ oz", "name": "Arm & Hammer Advance White Toothpaste w/Baking Soda & Peroxide Fresh Mint", "cnid": "1279", "productId": "60494", "size": "4.3 oz pkg"},
{"thumb": "http://i4.peapod.com/c/KK/KKNHZ.gif", "price": "619", "unit_price": "$.39/ oz", "name": "Biotene Dry Mouth Mouthwash Alcohol Free", "cnid": "1279", "productId": "43396", "size": "16 oz btl"},
{"thumb": "http://i4.peapod.com/c/KK/KKNHZ.gif", "price": "649", "unit_price": "$6.49/ ea", "name": "Braun Oral-B CrossAction Battery Power Toothbrush Soft", "cnid": "1279", "productId": "148209", "size": "1 ct pkg"},
{"thumb": "http://i4.peapod.com/c/KK/KKNHZ.gif", "price": "2299", "unit_price": "$7.66/ ea", "name": "Braun Oral-B Plaque Remover Replacement Brush", "cnid": "1279", "productId": "128709", "size": "3 ct pkg"},
{"thumb": "http://i4.peapod.com/c/KK/KKNHZ.gif", "price": "200", "unit_price": "$.06/ oz", "name": "CareOne Antiseptic Mouth Rinse Blue Mint Flavor", "cnid": "1279", "productId": "58304", "size": "1 ltr btl"},
{"thumb": "http://i4.peapod.com/c/KK/KKNHZ.gif", "price": "200", "unit_price": "$.06/ oz", "name": "CareOne Antiseptic Mouth Rinse Original Flavor", "cnid": "1279", "productId": "117431", "size": "1 ltr btl"},
{"thumb": "http://i4.peapod.com/c/KK/KKNHZ.gif", "price": "200", "unit_price": "$.06/ oz", "name": "CareOne Antiseptic Mouthwash Mint", "cnid": "1279", "productId": "116721", "size": "1 ltr btl"},
{"thumb": "http://i4.peapod.com/c/KK/KKNHZ.gif", "price": "100", "unit_price": "$.01/ yard", "name": "CareOne Dental Floss Mint Waxed", "cnid": "1279", "productId": "119999", "size": "100 yards"},
{"thumb": "http://i4.peapod.com/c/KK/KKNHZ.gif", "price": "199", "unit_price": "$.02/ ea", "name": "CareOne Dental Floss Picks Mint Flavor", "cnid": "1279", "productId": "163948", "size": "90 ct pkg"},
{"thumb": "http://i4.peapod.com/c/KK/KKNHZ.gif", "price": "250", "unit_price": "$1.25/ ea", "name": "CareOne Toothbrush Angle Edge + Soft", "cnid": "1279", "productId": "151413", "size": "2 ct pkg"},
{"thumb": "http://i4.peapod.com/c/KK/KKNHZ.gif", "price": "209", "unit_price": "$1.04/ ea", "name": "CareOne Toothbrush Youth", "cnid": "1279", "productId": "149160", "size": "2 ct pkg"},
{"thumb": "http://i4.peapod.com/c/KK/KKNHZ.gif", "price": "329", "unit_price": "$.71/ oz", "name": "Colgate 2 In 1 Toothpaste & Mouthwash Whitening w/Stain Lifters Liquid Gel", "cnid": "1279", "productId": "124911", "size": "4.6 oz pkg"},
{"thumb": "http://i4.peapod.com/c/KK/KKNHZ.gif", "price": "599", "unit_price": "$5.99/ ea", "name": "Colgate Battery-Powered Toothbrush Dora The Explorer Extra Soft", "cnid": "1279", "productId": "160508", "size": "1 ct pkg"},
{"thumb": "http://i4.peapod.com/c/KK/KKNHZ.gif", "price": "359", "unit_price": "$.78/ oz", "name": "Colgate Kids 2 in 1 Toothpaste & Mouthwash Liquid Gel Watermelon Flavor", "cnid": "1279", "productId": "140331", "size": "4.6 oz pkg"},
{"thumb": "http://i4.peapod.com/c/KK/KKNHZ.gif", "price": "279", "unit_price": "$2.79/ ea", "name": "Colgate Kids My First Toothbrush Assorted Colors Ages 0-2", "cnid": "1279", "productId": "142369", "size": "1 ct pkg"},
{"thumb": "http://i4.peapod.com/c/KK/KKNHZ.gif", "price": "279", "unit_price": "$.61/ oz", "name": "Colgate Kids Toothpaste Dora the Explorer Mild Bubble Fruit", "cnid": "1279", "productId": "160137", "size": "4.6 oz pkg"},
{"thumb": "http://i4.peapod.com/c/KK/KKNHZ.gif", "price": "279", "unit_price": "$.61/ oz", "name": "Colgate Kids Toothpaste SpongeBob SquarePants Mild Bubble Fruit", "cnid": "1279", "productId": "160136", "size": "4.6 oz pkg"},
{"thumb": "http://i4.peapod.com/c/KK/KKNHZ.gif", "price": "329", "unit_price": "$.55/ oz", "name": "Colgate MaxFresh Whitening Toothpaste w/Mini Breath Strips Cool Mint Gel", "cnid": "1279", "productId": "140334", "size": "6 oz pkg"},
{"thumb": "http://i4.peapod.com/c/KK/KKNHZ.gif", "price": "333", "unit_price": "$.56/ oz", "name": "Colgate Sensitive Plus Whitening Toothpaste Maximum Strength Fresh Stripe", "cnid": "1279", "productId": "152806", "size": "6 oz pkg"},
{"thumb": "http://i4.peapod.com/c/KK/KKNHZ.gif", "price": "333", "unit_price": "$.57/ oz", "name": "Colgate Total Advanced Toothpaste Plus Whitening Clean Gel", "cnid": "1279", "productId": "147793", "size": "5.8 oz pkg"},
{"thumb": "http://i4.peapod.com/c/KK/KKNHZ.gif", "price": "329", "unit_price": "$.82/ oz", "name": "Colgate Total Gum Defense Toothpaste", "cnid": "1279", "productId": "166457", "size": "4 oz pkg"},
{"thumb": "http://i4.peapod.com/c/KK/KKNHZ.gif", "price": "299", "unit_price": "$2.99/ ea", "name": "Colgate Total Pro Tip Toothbrush Massaging Full Head Soft #24", "cnid": "1279", "productId": "163995", "size": "1 ct pkg"},
{"thumb": "http://i4.peapod.com/c/KK/KKNHZ.gif", "price": "329", "unit_price": "$.55/ oz", "name": "Colgate Total Toothpaste Clean Mint", "cnid": "1279", "productId": "90685", "size": "6 oz pkg"},
{"thumb": "http://i4.peapod.com/c/KK/KKNHZ.gif", "price": "333", "unit_price": "$.43/ oz", "name": "Colgate Total Toothpaste Clean Mint", "cnid": "1279", "productId": "91030", "size": "7.8 oz pkg"},
{"thumb": "http://i4.peapod.com/c/KK/KKNHZ.gif", "price": "329", "unit_price": "$.55/ oz", "name": "Colgate Total Toothpaste Mint Stripe Gel", "cnid": "1279", "productId": "109088", "size": "6 oz pkg"},
{"thumb": "http://i4.peapod.com/c/KK/KKNHZ.gif", "price": "329", "unit_price": "$.55/ oz", "name": "Colgate Total Toothpaste Plus Whitening", "cnid": "1279", "productId": "131841", "size": "6 oz pkg"},
{"thumb": "http://i4.peapod.com/c/KK/KKNHZ.gif", "price": "333", "unit_price": "$.43/ oz", "name": "Colgate Total Toothpaste Plus Whitening", "cnid": "1279", "productId": "130920", "size": "7.8 oz pkg"},
{"thumb": "http://i4.peapod.com/c/KK/KKNHZ.gif", "price": "329", "unit_price": "$.55/ oz", "name": "Colgate Total Toothpaste Plus Whitening Gel", "cnid": "1279", "productId": "124912", "size": "6 oz pkg"},
{"thumb": "http://i4.peapod.com/c/KK/KKNHZ.gif", "price": "279", "unit_price": "$2.79/ ea", "name": "Colgate Wave Comfort Fit Toothbrush Compact Head Soft", "cnid": "1279", "productId": "76743", "size": "1 ct pkg"},
{"thumb": "http://i4.peapod.com/c/KK/KKNHZ.gif", "price": "449", "unit_price": "$1.10/ oz", "name": "Crest 3D White Toothpaste Glamorous White Vibrant Mint", "cnid": "1279", "productId": "188449", "size": "4.1 oz pkg"},
{"thumb": "http://i4.peapod.com/c/KK/KKNHZ.gif", "price": "349", "unit_price": "$.87/ oz", "name": "Crest 3D White Toothpaste Vivid Fluoride Anticavity Radiant Mint", "cnid": "1279", "productId": "163958", "size": "4 oz pkg"},
{"thumb": "http://i4.peapod.com/c/KK/KKNHZ.gif", "price": "399", "unit_price": "$.69/ oz", "name": "Crest 3D White Vivid Fluoride Anticavity Toothpaste Radiant Mint", "cnid": "1279", "productId": "161191", "size": "5.8 oz pkg"},
{"thumb": "http://i4.peapod.com/c/KK/KKNHZ.gif", "price": "749", "unit_price": "$.23/ oz", "name": "Crest 3D White Whitening Rinse Vivid Fresh Mint", "cnid": "1279", "productId": "163961", "size": "32 oz btl"},
{"thumb": "http://i4.peapod.com/c/KK/KKNHZ.gif", "price": "4699", "unit_price": "$2.35/ ea", "name": "Crest 3D White Whitestrips Dental Whitening Kit Professional Effects", "cnid": "1279", "productId": "169337", "size": "20 ct pkg"},
{"thumb": "http://i4.peapod.com/c/KK/KKNHZ.gif", "price": "359", "unit_price": "$.58/ oz", "name": "Crest Complete Multi-Benefit Toothpaste Extra Whitening Clean Mint", "cnid": "1279", "productId": "89944", "size": "6.2 oz pkg"},
{"thumb": "http://i4.peapod.com/c/KK/KKNHZ.gif", "price": "369", "unit_price": "$.64/ oz", "name": "Crest Complete Multi-Benefit Toothpaste Whitening + Deep Clean Mint", "cnid": "1279", "productId": "191864", "size": "5.8 oz pkg"},
{"thumb": "http://i4.peapod.com/c/KK/KKNHZ.gif", "price": "300", "unit_price": "$.52/ oz", "name": "Crest Complete Multi-Benefit Toothpaste X-White + Scope Dual Blast Mint", "cnid": "1279", "productId": "191865", "size": "5.8 oz pkg"},
{"thumb": "http://i4.peapod.com/c/KK/KKNHZ.gif", "price": "300", "unit_price": "$.07/ yard", "name": "Crest Glide Dental Floss Deep Clean Cool Mint", "cnid": "1279", "productId": "169341", "size": "43.7 yards"},
{"thumb": "http://i4.peapod.com/c/KK/KKNHZ.gif", "price": "269", "unit_price": "$.58/ oz", "name": "Crest Kid's Toothpaste Fluoride Anticavity Sparkle Fun", "cnid": "1279", "productId": "163960", "size": "4.6 oz pkg"},
{"thumb": "http://i4.peapod.com/c/KK/KKNHZ.gif", "price": "299", "unit_price": "$2.99/ ea", "name": "Crest Kids Toothbrush Sesame Street", "cnid": "1279", "productId": "139392", "size": "1 ct pkg"},
{"thumb": "http://i4.peapod.com/c/KK/KKNHZ.gif", "price": "359", "unit_price": "$.58/ oz", "name": "Crest Plus Scope Toothpaste Whitening Fresh Striped", "cnid": "1279", "productId": "126848", "size": "6.2 oz pkg"},
{"thumb": "http://i4.peapod.com/c/KK/KKNHZ.gif", "price": "399", "unit_price": "$1.00/ oz", "name": "Crest Pro-Health Clinical Plaque Control Toothpaste Fluoride Fresh Mint", "cnid": "1279", "productId": "188400", "size": "4.0 oz box"},
{"thumb": "http://i4.peapod.com/c/KK/KKNHZ.gif", "price": "599", "unit_price": "$.18/ oz", "name": "Crest Pro-Health Complete Anti-Cavity Fluoride Rinse Clean Mint", "cnid": "1279", "productId": "163950", "size": "1 ltr btl"},
{"thumb": "http://i4.peapod.com/c/KK/KKNHZ.gif", "price": "599", "unit_price": "$.18/ oz", "name": "Crest Pro-Health CPC Antigingivitis & Antiplaque Oral Rinse Clean Mint", "cnid": "1279", "productId": "149964", "size": "1 ltr btl"},
{"thumb": "http://i4.peapod.com/c/KK/KKNHZ.gif", "price": "599", "unit_price": "$.18/ oz", "name": "Crest Pro-Health Oral Rinse Invigorating Multi-Protection Clean Mint", "cnid": "1279", "productId": "169354", "size": "1 ltr btl"},
{"thumb": "http://i4.peapod.com/c/KK/KKNHZ.gif", "price": "300", "unit_price": "$.50/ oz", "name": "Crest Pro-Health Toothpaste Clean Mint", "cnid": "1279", "productId": "143647", "size": "6 oz pkg"},
{"thumb": "http://i4.peapod.com/c/KK/KKNHZ.gif", "price": "300", "unit_price": "$.50/ oz", "name": "Crest Pro-Health Whitening Fluoride Toothpaste Fresh Clean Mint", "cnid": "1279", "productId": "154113", "size": "6 oz pkg"},
{"thumb": "http://i4.peapod.com/c/KK/KKNHZ.gif", "price": "329", "unit_price": "$.08/ ea", "name": "Efferdent Antibacterial Denture Cleanser Tablets", "cnid": "1279", "productId": "548", "size": "40 ct box"},
{"thumb": "http://i4.peapod.com/c/KK/KKNHZ.gif", "price": "479", "unit_price": "$2.39/ oz", "name": "Fixodent Denture Adhesive Cream Food Seal Scope Flavor", "cnid": "1279", "productId": "150435", "size": "2 oz pkg"},
{"thumb": "http://i4.peapod.com/c/KK/KKNHZ.gif", "price": "479", "unit_price": "$2.00/ oz", "name": "Fixodent Denture Adhesive Cream Original", "cnid": "1279", "productId": "9265", "size": "2.4 oz pkg"},
{"thumb": "http://i4.peapod.com/c/KK/KKNHZ.gif", "price": "275", "unit_price": "$.46/ ea", "name": "Guaranteed Value Toothbrushes MultiFit Contour Soft", "cnid": "1279", "productId": "163952", "size": "6 ct pkg"},
{"thumb": "http://i4.peapod.com/c/KK/KKNHZ.gif", "price": "249", "unit_price": "$.31/ ea", "name": "G-U-M Proxabrush Tapered with Storage Case Refills", "cnid": "1279", "productId": "94287", "size": "8 ct pkg"},
{"thumb": "http://i4.peapod.com/c/KK/KKNHZ.gif", "price": "289", "unit_price": "$.07/ ea", "name": "G-U-M Soft-Picks with Storage Case", "cnid": "1279", "productId": "163949", "size": "40 ct pkg"},
{"thumb": "http://i4.peapod.com/c/KK/KKNHZ.gif", "price": "499", "unit_price": "$.15/ oz", "name": "Listerine Antiseptic Mouthwash Cool Mint", "cnid": "1279", "productId": "35165", "size": "1 ltr btl"},
{"thumb": "http://i4.peapod.com/c/KK/KKNHZ.gif", "price": "499", "unit_price": "$.15/ oz", "name": "Listerine Antiseptic Mouthwash Fresh Burst", "cnid": "1279", "productId": "35170", "size": "1 ltr btl"},
{"thumb": "http://i4.peapod.com/c/KK/KKNHZ.gif", "price": "499", "unit_price": "$.15/ oz", "name": "Listerine Antiseptic Mouthwash Original Gold", "cnid": "1279", "productId": "38569", "size": "1 ltr btl"},
{"thumb": "http://i4.peapod.com/c/KK/KKNHZ.gif", "price": "429", "unit_price": "$.06/ ea", "name": "Listerine Pocket Paks Cool Mint 24 ea - 3 pk", "cnid": "1279", "productId": "126434", "size": "72 ct pkg"},
{"thumb": "http://i4.peapod.com/c/KK/KKNHZ.gif", "price": "599", "unit_price": "$.18/ oz", "name": "Listerine Tooth Defense Anticavity Fluoride Rinse Mint Shield Flavor", "cnid": "1279", "productId": "151047", "size": "1 ltr btl"},
{"thumb": "http://i4.peapod.com/c/KK/KKNHZ.gif", "price": "579", "unit_price": "$.17/ oz", "name": "Listerine UltraClean Antiseptic Mouthwash Arctic Mint", "cnid": "1279", "productId": "137684", "size": "1 ltr btl"},
{"thumb": "http://i4.peapod.com/c/KK/KKNHZ.gif", "price": "579", "unit_price": "$.17/ oz", "name": "Listerine UltraClean Antiseptic Mouthwash Cool Mint", "cnid": "1279", "productId": "191311", "size": "1 ltr btl"},
{"thumb": "http://i4.peapod.com/c/KK/KKNHZ.gif", "price": "499", "unit_price": "$.15/ oz", "name": "Listerine Zero Mouthwash Clean Mint", "cnid": "1279", "productId": "160589", "size": "1 ltr btl"},
{"thumb": "http://i4.peapod.com/c/KK/KKNHZ.gif", "price": "279", "unit_price": "$2.79/ ea", "name": "Oral-B Complete Advantage Plus Toothbrush Medium Head Medium", "cnid": "1279", "productId": "40178", "size": "1 ct pkg"},
{"thumb": "http://i4.peapod.com/c/KK/KKNHZ.gif", "price": "279", "unit_price": "$2.79/ ea", "name": "Oral-B Complete Advantage Plus Toothbrush Regular Head Soft", "cnid": "1279", "productId": "40177", "size": "1 ct pkg"},
{"thumb": "http://i4.peapod.com/c/KK/KKNHZ.gif", "price": "649", "unit_price": "$6.49/ ea", "name": "Oral-B CrossAction Battery Powered Toothbrush Whitening", "cnid": "1279", "productId": "171860", "size": "1 ct pkg"},
{"thumb": "http://i4.peapod.com/c/KK/KKNHZ.gif", "price": "300", "unit_price": "$.07/ yard", "name": "Oral-B Glide Pro-Health Comfort Plus Dental Floss Mint", "cnid": "1279", "productId": "49727", "size": "43.7 yards"},
{"thumb": "http://i4.peapod.com/c/KK/KKNHZ.gif", "price": "449", "unit_price": "$4.49/ ea", "name": "Oral-B Pro Health Clinical Pro Flex Toothbrush Soft", "cnid": "1279", "productId": "189560", "size": "1 ct pkg"},
{"thumb": "http://i4.peapod.com/c/KK/KKNHZ.gif", "price": "599", "unit_price": "$5.99/ ea", "name": "Oral-B Pulsar Toothbrush with Micropulse Bristles Soft #92", "cnid": "1279", "productId": "150594", "size": "1 ct pkg"},
{"thumb": "http://i4.peapod.com/c/KK/KKNHZ.gif", "price": "279", "unit_price": "$.05/ yard", "name": "Oral-B SATIN Floss Dental Floss Mint", "cnid": "1279", "productId": "95305", "size": "55 yards"},
{"thumb": "http://i4.peapod.com/c/KK/KKNHZ.gif", "price": "259", "unit_price": "$2.59/ ea", "name": "Oral-B Stage 1 Kids Toothbrush Age 4-24 months", "cnid": "1279", "productId": "127860", "size": "1 ct pkg"},
{"thumb": "http://i4.peapod.com/c/KK/KKNHZ.gif", "price": "269", "unit_price": "$.64/ oz", "name": "Oral-B Stages 3 Toothpaste Ages 5-7 Years Disney Princess Pink Bubble Gum", "cnid": "1279", "productId": "150143", "size": "4.2 oz pkg"},
{"thumb": "http://i4.peapod.com/c/KK/KKNHZ.gif", "price": "88", "unit_price": "$.15/ oz", "name": "Pepsodent Complete Care Fluoride Toothpaste Original Flavor", "cnid": "1279", "productId": "326", "size": "6 oz pkg"},
{"thumb": "http://i4.peapod.com/c/KK/KKNHZ.gif", "price": "349", "unit_price": "$.09/ ea", "name": "Polident Double Action Denture Cleanser Tablets", "cnid": "1279", "productId": "24572", "size": "40 ct box"},
{"thumb": "http://i4.peapod.com/c/KK/KKNHZ.gif", "price": "449", "unit_price": "$.13/ oz", "name": "Scope Mouthwash Original Mint", "cnid": "1279", "productId": "3539", "size": "1 ltr btl"},
{"thumb": "http://i4.peapod.com/c/KK/KKNHZ.gif", "price": "419", "unit_price": "$.17/ oz", "name": "Scope Outlast Mouthwash Long Lasting Mint", "cnid": "1279", "productId": "160605", "size": "25.4 oz btl"},
{"thumb": "http://i4.peapod.com/c/KK/KKNHZ.gif", "price": "699", "unit_price": "$1.63/ oz", "name": "Sensodyne iso-active Toothpaste Whitening Foaming Gel", "cnid": "1279", "productId": "156127", "size": "4.3 oz pkg"},
{"thumb": "http://i4.peapod.com/c/KK/KKNHZ.gif", "price": "499", "unit_price": "$1.25/ oz", "name": "Sensodyne Maximum Strength w/Fluoride Toothpaste Full Protection Whitening", "cnid": "1279", "productId": "134711", "size": "4 oz pkg"},
{"thumb": "http://i4.peapod.com/c/KK/KKNHZ.gif", "price": "499", "unit_price": "$1.25/ oz", "name": "Sensodyne Maximum Strength with Fluoride Toothpaste Extra Whitening", "cnid": "1279", "productId": "93723", "size": "4 oz pkg"},
{"thumb": "http://i4.peapod.com/c/KK/KKNHZ.gif", "price": "499", "unit_price": "$1.25/ oz", "name": "Sensodyne Maximum Strength with Fluoride Toothpaste Fresh Impact", "cnid": "1279", "productId": "134710", "size": "4 oz pkg"},
{"thumb": "http://i4.peapod.com/c/KK/KKNHZ.gif", "price": "499", "unit_price": "$1.25/ oz", "name": "Sensodyne Maximum Strength with Fluoride Toothpaste Fresh Mint", "cnid": "1279", "productId": "38463", "size": "4 oz pkg"},
{"thumb": "http://i4.peapod.com/c/KK/KKNHZ.gif", "price": "379", "unit_price": "$.90/ oz", "name": "Tom's of Maine Children's Fluoride Toothpaste Silly Strawberry Natural", "cnid": "1279", "productId": "130545", "size": "4.2 oz pkg"},
{"thumb": "http://i4.peapod.com/c/KK/KKNHZ.gif", "price": "549", "unit_price": "$.34/ oz", "name": "Tom's of Maine Cleansing Mouthwash Peppermint Alcohol-Free Natural", "cnid": "1279", "productId": "137629", "size": "16 oz btl"},
{"thumb": "http://i4.peapod.com/c/KK/KKNHZ.gif", "price": "500", "unit_price": "$.11/ oz", "name": "Atkins Advantage Dark Chocolate Royale Shake RTD - 4 pk", "cnid": "3117", "productId": "132642", "size": "11 oz ctn"},
{"thumb": "http://i4.peapod.com/c/KK/KKNHZ.gif", "price": "500", "unit_price": "$.11/ oz", "name": "Atkins Advantage French Vanilla Shake RTD - 4 pk", "cnid": "3117", "productId": "130342", "size": "11 oz ctn"},
{"thumb": "http://i4.peapod.com/c/KK/KKNHZ.gif", "price": "500", "unit_price": "$.11/ oz", "name": "Atkins Advantage Milk Chocolate Delight Shake RTD - 4 pk", "cnid": "3117", "productId": "130340", "size": "11 oz ctn"},
{"thumb": "http://i4.peapod.com/c/KK/KKNHZ.gif", "price": "500", "unit_price": "$.11/ oz", "name": "Atkins Advantage Strawberry Shake RTD - 4 pk", "cnid": "3117", "productId": "130341", "size": "11 oz ctn"},
{"thumb": "http://i4.peapod.com/c/KK/KKNHZ.gif", "price": "500", "unit_price": "$.11/ oz", "name": "Atkins Day Break Creamy Chocolate Shake RTD - 4 pk", "cnid": "3117", "productId": "167526", "size": "11 oz ctn"},
{"thumb": "http://i4.peapod.com/c/KK/KKNHZ.gif", "price": "449", "unit_price": "$.14/ oz", "name": "Bolthouse Farms Protein Plus Chocolate Protein Shake Fresh", "cnid": "3117", "productId": "157496", "size": "32 oz btl"},
{"thumb": "http://i4.peapod.com/c/KK/KKNHZ.gif", "price": "250", "unit_price": "$.16/ oz", "name": "Bolthouse Farms Protein Plus Chocolate Shake Fresh", "cnid": "3117", "productId": "159436", "size": "15.2 oz btl"},
{"thumb": "http://i4.peapod.com/c/KK/KKNHZ.gif", "price": "939", "unit_price": "$.20/ oz", "name": "Boost Chocolate Nutritional Energy Drink - 6 pk", "cnid": "3117", "productId": "45254", "size": "8 oz btl"},
{"thumb": "http://i4.peapod.com/c/KK/KKNHZ.gif", "price": "969", "unit_price": "$.20/ oz", "name": "Boost High Protein Chocolate Nutritional Energy Drink - 6 pk", "cnid": "3117", "productId": "112740", "size": "8 oz btl"},
{"thumb": "http://i4.peapod.com/c/KK/KKNHZ.gif", "price": "969", "unit_price": "$.20/ oz", "name": "Boost High Protein Strawberry Nutritional Energy Drink - 6 pk", "cnid": "3117", "productId": "118432", "size": "8 oz btl"},
{"thumb": "http://i4.peapod.com/c/KK/KKNHZ.gif", "price": "969", "unit_price": "$.20/ oz", "name": "Boost High Protein Vanilla Nutritional Energy Drink - 6 pk", "cnid": "3117", "productId": "112787", "size": "8 oz btl"},
{"thumb": "http://i4.peapod.com/c/KK/KKNHZ.gif", "price": "1099", "unit_price": "$.23/ oz", "name": "Boost Plus Chocolate Nutritional Energy Drink - 6 pk", "cnid": "3117", "productId": "151026", "size": "8 oz btl"},
{"thumb": "http://i4.peapod.com/c/KK/KKNHZ.gif", "price": "939", "unit_price": "$.20/ oz", "name": "Boost Vanilla Nutritional Energy Drink - 6 pk", "cnid": "3117", "productId": "45253", "size": "8 oz btl"},
{"thumb": "http://i4.peapod.com/c/KK/KKNHZ.gif", "price": "599", "unit_price": "$.12/ oz", "name": "CareOne Vanilla Nutritional Drink - 6 pk", "cnid": "3117", "productId": "156745", "size": "8 oz btl"},
{"thumb": "http://i4.peapod.com/c/KK/KKNHZ.gif", "price": "749", "unit_price": "$.17/ oz", "name": "Carnation Instant Breakfast Essentials Classic French Vanilla Drink - 4 pk", "cnid": "3117", "productId": "157323", "size": "11 oz btl"},
{"thumb": "http://i4.peapod.com/c/KK/KKNHZ.gif", "price": "599", "unit_price": "$.47/ oz", "name": "Carnation Instant Breakfast Essentials French Vanilla Drink Mix - 10 ct", "cnid": "3117", "productId": "6981", "size": "12.6 oz box"},
{"thumb": "http://i4.peapod.com/c/KK/KKNHZ.gif", "price": "749", "unit_price": "$.17/ oz", "name": "Carnation Instant Breakfast Essentials Rich Milk Chocolate Drink - 4 pk", "cnid": "3117", "productId": "127481", "size": "11 oz btl"},
{"thumb": "http://i4.peapod.com/c/KK/KKNHZ.gif", "price": "749", "unit_price": "$.17/ oz", "name": "Carnation Instant Breakfast Milk Chocolate Drink No Sugar Added - 4 ct", "cnid": "3117", "productId": "157294", "size": "11 oz btl"},
{"thumb": "http://i4.peapod.com/c/KK/KKNHZ.gif", "price": "569", "unit_price": "$.13/ oz", "name": "EAS AdvantEdge French Vanilla Shake Carb Control RTD - 4 pk", "cnid": "3117", "productId": "133341", "size": "11 oz ctn"},
{"thumb": "http://i4.peapod.com/c/KK/KKNHZ.gif", "price": "869", "unit_price": "$.18/ oz", "name": "Ensure Creamy Milk Chocolate Nutrition Shake - 6 pk", "cnid": "3117", "productId": "20860", "size": "8 oz btl"},
{"thumb": "http://i4.peapod.com/c/KK/KKNHZ.gif", "price": "869", "unit_price": "$.18/ oz", "name": "Ensure Homemade Vanilla Nutrition Shake - 6 pk", "cnid": "3117", "productId": "7888", "size": "8 oz btl"},
{"thumb": "http://i4.peapod.com/c/KK/KKNHZ.gif", "price": "799", "unit_price": "$.25/ oz", "name": "Ensure Muscle Health Creamy Milk Chocolate Shake Revigor - 4 pk", "cnid": "3117", "productId": "161273", "size": "8 oz btl"},
{"thumb": "http://i4.peapod.com/c/KK/KKNHZ.gif", "price": "1099", "unit_price": "$.23/ oz", "name": "Ensure Plus Creamy Milk Chocolate Shake - 6 pk", "cnid": "3117", "productId": "24018", "size": "8 oz btl"},
{"thumb": "http://i4.peapod.com/c/KK/KKNHZ.gif", "price": "1099", "unit_price": "$.23/ oz", "name": "Ensure Plus Homemade Vanilla Nutrition Shake - 6 pk", "cnid": "3117", "productId": "20855", "size": "8 oz btl"},
{"thumb": "http://i4.peapod.com/c/KK/KKNHZ.gif", "price": "1099", "unit_price": "$.23/ oz", "name": "Ensure Plus Strawberries & Cream Shake - 6 pk", "cnid": "3117", "productId": "18158", "size": "8 oz btl"},
{"thumb": "http://i4.peapod.com/c/KK/KKNHZ.gif", "price": "869", "unit_price": "$.18/ oz", "name": "Ensure Strawberry Nutrition Shake - 6 pk", "cnid": "3117", "productId": "20859", "size": "8 oz btl"},
{"thumb": "http://i4.peapod.com/c/KK/KKNHZ.gif", "price": "699", "unit_price": "$.21/ oz", "name": "Evolve Chocolate Flavored Protein Shake RTD - 4 pk", "cnid": "3117", "productId": "155422", "size": "8.25 oz ctn"},
{"thumb": "http://i4.peapod.com/c/KK/KKNHZ.gif", "price": "699", "unit_price": "$.21/ oz", "name": "Evolve Vanilla Creme Flavored Protein Shake RTD - 4 pk", "cnid": "3117", "productId": "155423", "size": "8.25 oz ctn"},
{"thumb": "http://i4.peapod.com/c/KK/KKNHZ.gif", "price": "100", "unit_price": "$.06/ oz", "name": "FUZE Slenderize Pomegranate Acai Berry Beverage Low Calorie", "cnid": "3117", "productId": "152610", "size": "16.9 oz btl"},
{"thumb": "http://i4.peapod.com/c/KK/KKNHZ.gif", "price": "100", "unit_price": "$.06/ oz", "name": "FUZE Slenderize Strawberry Melon Beverage Low Calorie", "cnid": "3117", "productId": "141303", "size": "16.9 oz btl"},
{"thumb": "http://i4.peapod.com/c/KK/KKNHZ.gif", "price": "100", "unit_price": "$.06/ oz", "name": "FUZE Slenderize Tropical Punch Beverage Low Calorie", "cnid": "3117", "productId": "141304", "size": "16.9 oz btl"},
{"thumb": "http://i4.peapod.com/c/KK/KKNHZ.gif", "price": "1099", "unit_price": "$.23/ oz", "name": "Glucerna Creamy Chocolate Delight Shake - 6 pk", "cnid": "3117", "productId": "107296", "size": "8 oz btl"},
{"thumb": "http://i4.peapod.com/c/KK/KKNHZ.gif", "price": "1099", "unit_price": "$.23/ oz", "name": "Glucerna Creamy Strawberry Shake - 6 pk", "cnid": "3117", "productId": "145875", "size": "8 oz btl"},
{"thumb": "http://i4.peapod.com/c/KK/KKNHZ.gif", "price": "699", "unit_price": "$.17/ oz", "name": "Kellogg's Special K French Vanilla Protein Shake - 4 pk", "cnid": "3117", "productId": "155242", "size": "10 oz btl"},
{"thumb": "http://i4.peapod.com/c/KK/KKNHZ.gif", "price": "699", "unit_price": "$.17/ oz", "name": "Kellogg's Special K Milk Chocolate Protein Shake - 4 pk", "cnid": "3117", "productId": "155240", "size": "10 oz btl"},
{"thumb": "http://i4.peapod.com/c/KK/KKNHZ.gif", "price": "699", "unit_price": "$.17/ oz", "name": "Kellogg's Special K Strawberry Protein Shake - 4 pk", "cnid": "3117", "productId": "155241", "size": "10 oz btl"},
{"thumb": "http://i4.peapod.com/c/KK/KKNHZ.gif", "price": "799", "unit_price": "$.18/ oz", "name": "Muscle Milk Chocolate Nutritional Shake RTD - 4 pk", "cnid": "3117", "productId": "155424", "size": "11 oz ctn"},
{"thumb": "http://i4.peapod.com/c/KK/KKNHZ.gif", "price": "799", "unit_price": "$.18/ oz", "name": "Muscle Milk Vanilla Creme Nutritional Shake RTD - 4 pk", "cnid": "3117", "productId": "155425", "size": "11 oz ctn"},
{"thumb": "http://i4.peapod.com/c/KK/KKNHZ.gif", "price": "599", "unit_price": "$1.06/ oz", "name": "Nestle Carnation Instant Breakfast Rich Chocolate Drink Mix SF - 8 ct", "cnid": "3117", "productId": "6982", "size": "5.64 oz box"},
{"thumb": "http://i4.peapod.com/c/KK/KKNHZ.gif", "price": "299", "unit_price": "$.25/ oz", "name": "Odwalla Superfood Berries GoMega Premium Fruit Smoothie Blend Fresh", "cnid": "3117", "productId": "138374", "size": "12 oz btl"},
{"thumb": "http://i4.peapod.com/c/KK/KKNHZ.gif", "price": "299", "unit_price": "$.25/ oz", "name": "Odwalla Super Protein Original Protein Fruit Smoothie Blend Fresh", "cnid": "3117", "productId": "122665", "size": "12 oz btl"},
{"thumb": "http://i4.peapod.com/c/KK/KKNHZ.gif", "price": "999", "unit_price": "$.21/ oz", "name": "PediaSure Chocolate Nutrition Shake - 6 pk", "cnid": "3117", "productId": "49362", "size": "8 oz btl"},
{"thumb": "http://i4.peapod.com/c/KK/KKNHZ.gif", "price": "999", "unit_price": "$.21/ oz", "name": "PediaSure Strawberry Nutrition Shake - 6 pk", "cnid": "3117", "productId": "49341", "size": "8 oz btl"},
{"thumb": "http://i4.peapod.com/c/KK/KKNHZ.gif", "price": "999", "unit_price": "$.21/ oz", "name": "PediaSure Vanilla Nutrition Shake - 6 pk", "cnid": "3117", "productId": "49363", "size": "8 oz btl"},
{"thumb": "http://i4.peapod.com/c/KK/KKNHZ.gif", "price": "1179", "unit_price": "$.25/ oz", "name": "PediaSure Vanilla Nutrition Shake with Fiber - 6 pk", "cnid": "3117", "productId": "146729", "size": "8 oz btl"},
{"thumb": "http://i4.peapod.com/c/KK/KKNHZ.gif", "price": "119", "unit_price": "$.10/ oz", "name": "Shamrock Farms Rockin' Refuel Protein Fortified Chocolate Milk Low Fat 1%", "cnid": "3117", "productId": "190837", "size": "12 oz btl"},
{"thumb": "http://i4.peapod.com/c/KK/KKNHZ.gif", "price": "119", "unit_price": "$.10/ oz", "name": "Shamrock Farms Rockin' Refuel Protein Fortified Strawberry Milk Low Fat 1%", "cnid": "3117", "productId": "190838", "size": "12 oz btl"},
{"thumb": "http://i4.peapod.com/c/KK/KKNHZ.gif", "price": "119", "unit_price": "$.10/ oz", "name": "Shamrock Farms Rockin' Refuel Protein Fortified Vanilla Milk Low Fat 1%", "cnid": "3117", "productId": "190839", "size": "12 oz btl"},
{"thumb": "http://i4.peapod.com/c/KK/KKNHZ.gif", "price": "550", "unit_price": "$.14/ oz", "name": "Slim-Fast 3-2-1 Plan Cappuccino Delight Shake - 4 pk", "cnid": "3117", "productId": "136531", "size": "10 oz btl"},
{"thumb": "http://i4.peapod.com/c/KK/KKNHZ.gif", "price": "899", "unit_price": "$.70/ oz", "name": "Slim-Fast 3-2-1 Plan Chocolate Royale Powder Shake Mix", "cnid": "3117", "productId": "156777", "size": "12.8 oz can"},
{"thumb": "http://i4.peapod.com/c/KK/KKNHZ.gif", "price": "550", "unit_price": "$.14/ oz", "name": "Slim-Fast 3-2-1 Plan Creamy Milk Chocolate Shake - 4 pk", "cnid": "3117", "productId": "136532", "size": "10 oz btl"},
{"thumb": "http://i4.peapod.com/c/KK/KKNHZ.gif", "price": "1199", "unit_price": "$.15/ oz", "name": "Slim-Fast 3-2-1 Plan Creamy Milk Chocolate Shake Meal-On-the-Go - 8 pk", "cnid": "3117", "productId": "191904", "size": "80 oz pkg"},
{"thumb": "http://i4.peapod.com/c/KK/KKNHZ.gif", "price": "899", "unit_price": "$.70/ oz", "name": "Slim-Fast 3-2-1 Plan French Vanilla Powder Shake Mix", "cnid": "3117", "productId": "10402", "size": "12.8 oz can"},
{"thumb": "http://i4.peapod.com/c/KK/KKNHZ.gif", "price": "550", "unit_price": "$.14/ oz", "name": "Slim-Fast 3-2-1 Plan French Vanilla Shake - 4 pk", "cnid": "3117", "productId": "136533", "size": "10 oz btl"},
{"thumb": "http://i4.peapod.com/c/KK/KKNHZ.gif", "price": "899", "unit_price": "$.70/ oz", "name": "Slim-Fast 3-2-1 Plan Milk Chocolate Powder Shake Mix", "cnid": "3117", "productId": "10405", "size": "12.8 oz can"},
{"thumb": "http://i4.peapod.com/c/KK/KKNHZ.gif", "price": "550", "unit_price": "$.14/ oz", "name": "Slim-Fast 3-2-1 Plan Strawberries N' Cream Shake - 4 pk", "cnid": "3117", "productId": "136534", "size": "10 oz btl"},
{"thumb": "http://i4.peapod.com/c/KK/KKNHZ.gif", "price": "199", "unit_price": "$.25/ oz", "name": "CareOne Nail Polish Remover Protein Enriched Lemon Scented", "cnid": "1274", "productId": "58330", "size": "8 oz btl"},
{"thumb": "http://i4.peapod.com/c/KK/KKNHZ.gif", "price": "199", "unit_price": "$.25/ oz", "name": "CareOne Nail Polish Remover Protein Enriched Regular", "cnid": "1274", "productId": "58331", "size": "8 oz btl"},
{"thumb": "http://i4.peapod.com/c/KK/KKNHZ.gif", "price": "199", "unit_price": "$.25/ oz", "name": "CareOne Nail Polish Remover Vitamin E Enriched", "cnid": "1274", "productId": "58329", "size": "8 oz btl"},
{"thumb": "http://i4.peapod.com/c/KK/KKNHZ.gif", "price": "299", "unit_price": "$2.99/ ea", "name": "CareOne Sure Grip Nail Clipper", "cnid": "1274", "productId": "162984", "size": "1 ct pkg"},
{"thumb": "http://i4.peapod.com/c/KK/KKNHZ.gif", "price": "449", "unit_price": "$.28/ ea", "name": "CareOne BeSure Bladder Control Pads Moderate Long Absorbency", "cnid": "1264", "productId": "154354", "size": "16 ct pkg"},
{"thumb": "http://i4.peapod.com/c/KK/KKNHZ.gif", "price": "1199", "unit_price": "$1.00/ ea", "name": "Depend Silhouette Briefs for Women Maximum Absorbency Small/Medium", "cnid": "1264", "productId": "186722", "size": "12 ct box"},
{"thumb": "http://i4.peapod.com/c/KK/KKNHZ.gif", "price": "1199", "unit_price": "$.67/ ea", "name": "Depend Underwear for Men Maximum Absorbency Small/Medium", "cnid": "1264", "productId": "154047", "size": "18 ct pkg"},
{"thumb": "http://i4.peapod.com/c/KK/KKNHZ.gif", "price": "1199", "unit_price": "$.75/ ea", "name": "Depend Underwear for Men Super Plus Aubsorbency Large/Extra Large", "cnid": "1264", "productId": "154051", "size": "16 ct pkg"},
{"thumb": "http://i4.peapod.com/c/KK/KKNHZ.gif", "price": "1199", "unit_price": "$.86/ ea", "name": "Depend Underwear for Women Maximum Absorbency Extra Large", "cnid": "1264", "productId": "154050", "size": "14 ct pkg"},
{"thumb": "http://i4.peapod.com/c/KK/KKNHZ.gif", "price": "1199", "unit_price": "$.75/ ea", "name": "Depend Underwear for Women Maximum Absorbency Large", "cnid": "1264", "productId": "154049", "size": "16 ct pkg"},
{"thumb": "http://i4.peapod.com/c/KK/KKNHZ.gif", "price": "1199", "unit_price": "$.67/ ea", "name": "Depend Underwear for Women Maximum Absorbency Small/Medium", "cnid": "1264", "productId": "154048", "size": "18 ct pkg"},
{"thumb": "http://i4.peapod.com/c/KK/KKNHZ.gif", "price": "1199", "unit_price": "$.60/ ea", "name": "Depend Underwear for Women Moderate Absorbency Small/Medium", "cnid": "1264", "productId": "154046", "size": "20 ct pkg"},
{"thumb": "http://i4.peapod.com/c/KK/KKNHZ.gif", "price": "1199", "unit_price": "$.67/ ea", "name": "Depend Underwear for Women Moderate Absorbency Soft Peach Large", "cnid": "1264", "productId": "154053", "size": "18 ct pkg"},
{"thumb": "http://i4.peapod.com/c/KK/KKNHZ.gif", "price": "1199", "unit_price": "$.31/ ea", "name": "Poise Hourglass Shape Pads Regular Length Maximum Absorbency", "cnid": "1264", "productId": "163801", "size": "39 ct pkg"},
{"thumb": "http://i4.peapod.com/c/KK/KKNHZ.gif", "price": "249", "unit_price": "$.18/ ea", "name": "Poise Liners Long Very Light Absorbency", "cnid": "1264", "productId": "163799", "size": "14 ct pkg"},
{"thumb": "http://i4.peapod.com/c/KK/KKNHZ.gif", "price": "249", "unit_price": "$.16/ ea", "name": "Poise Liners Very Light Absorbency", "cnid": "1264", "productId": "163800", "size": "16 ct pkg"},
{"thumb": "http://i4.peapod.com/c/KK/KKNHZ.gif", "price": "1199", "unit_price": "$.31/ ea", "name": "Poise Pads Maximum Absorbency with Leak-Block Long", "cnid": "1264", "productId": "102201", "size": "39 ct pkg"},
{"thumb": "http://i4.peapod.com/c/KK/KKNHZ.gif", "price": "579", "unit_price": "$.29/ ea", "name": "Poise Pads Regular Length Moderate Absorbency", "cnid": "1264", "productId": "22820", "size": "20 ct pkg"},
{"thumb": "http://i4.peapod.com/c/KK/KKNHZ.gif", "price": "1199", "unit_price": "$.36/ ea", "name": "Poise Pads Ultimate Absorbency with Leak-Block", "cnid": "1264", "productId": "150880", "size": "33 ct pkg"},
{"thumb": "http://i4.peapod.com/c/KK/KKNHZ.gif", "price": "249", "unit_price": "$.25/ ea", "name": "Poise Pads Ultra Thins Light Absorbency", "cnid": "1264", "productId": "163798", "size": "10 ct pkg"},
{"thumb": "http://i4.peapod.com/c/KK/KKNHZ.gif", "price": "579", "unit_price": "$.19/ ea", "name": "Poise Pads Ultra Thins Light Absorbency", "cnid": "1264", "productId": "150881", "size": "30 ct pkg"},
{"thumb": "http://i4.peapod.com/c/KK/KKNHZ.gif", "price": "1599", "unit_price": "$.44/ ea", "name": "Tena Serenity Ultimate Pads Regular Length OdaSorb Plus", "cnid": "1264", "productId": "150760", "size": "36 ct pkg"},
{"thumb": "http://i4.peapod.com/c/KK/KKNHZ.gif", "price": "99", "unit_price": "$.07/ oz", "name": "Alberto VO5 Balancing Shampoo Normal", "cnid": "1256", "productId": "74850", "size": "15 oz btl"},
{"thumb": "http://i4.peapod.com/c/KK/KKNHZ.gif", "price": "99", "unit_price": "$.07/ oz", "name": "Alberto VO5 Extra Body Volumizing Conditioner for All Hair Types", "cnid": "1256", "productId": "20953", "size": "15 oz btl"},
{"thumb": "http://i4.peapod.com/c/KK/KKNHZ.gif", "price": "449", "unit_price": "$.53/ oz", "name": "Alberto VO5 Hair Spray Hard To Hold Unscented Aerosol", "cnid": "1256", "productId": "19999", "size": "8.5 oz can"},
{"thumb": "http://i4.peapod.com/c/KK/KKNHZ.gif", "price": "99", "unit_price": "$.07/ oz", "name": "Alberto VO5 Volumizing Shampoo Extra Body Volumizing", "cnid": "1256", "productId": "2004", "size": "15 oz btl"},
{"thumb": "http://i4.peapod.com/c/KK/KKNHZ.gif", "price": "300", "unit_price": "$.43/ oz", "name": "Aussie Instant Freeze Spray Extreme Hold Aerosol", "cnid": "1256", "productId": "75003", "size": "7 oz can"},
{"thumb": "http://i4.peapod.com/c/KK/KKNHZ.gif", "price": "300", "unit_price": "$.21/ oz", "name": "Aussie Mega Hair Spray Flexible Hold Aerosol", "cnid": "1256", "productId": "160823", "size": "14 oz can"},
{"thumb": "http://i4.peapod.com/c/KK/KKNHZ.gif", "price": "300", "unit_price": "$.22/ oz", "name": "Aussie Moist Conditioner for Dry Thirsty Hair", "cnid": "1256", "productId": "145766", "size": "13.5 oz btl"},
{"thumb": "http://i4.peapod.com/c/KK/KKNHZ.gif", "price": "300", "unit_price": "$.22/ oz", "name": "Aussie Moist Shampoo for Dry Thirsty Hair", "cnid": "1256", "productId": "3961", "size": "13.5 oz btl"},
{"thumb": "http://i4.peapod.com/c/KK/KKNHZ.gif", "price": "300", "unit_price": "$.35/ oz", "name": "Aussie Sprunch Catch the Wave Hair Spray Strong Hold Pump", "cnid": "1256", "productId": "160824", "size": "8.5 oz btl"},
{"thumb": "http://i4.peapod.com/c/KK/KKNHZ.gif", "price": "300", "unit_price": "$.22/ oz", "name": "Aussie Sun-Touched Shine Shampoo for Dull Hair", "cnid": "1256", "productId": "145767", "size": "13.5 oz btl"},
{"thumb": "http://i4.peapod.com/c/KK/KKNHZ.gif", "price": "699", "unit_price": "$.67/ oz", "name": "Aveeno Active Naturals Conditioner Nourish + Moisturize", "cnid": "1256", "productId": "158791", "size": "10.5 oz btl"},
{"thumb": "http://i4.peapod.com/c/KK/KKNHZ.gif", "price": "749", "unit_price": "$1.44/ oz", "name": "Aveeno Active Naturals Leave-In Treatment Nourish + Condition", "cnid": "1256", "productId": "158795", "size": "5.2 oz btl"},
{"thumb": "http://i4.peapod.com/c/KK/KKNHZ.gif", "price": "699", "unit_price": "$.67/ oz", "name": "Aveeno Active Naturals Shampoo Nourish + Moisturize", "cnid": "1256", "productId": "158790", "size": "10.5 oz btl"},
{"thumb": "http://i4.peapod.com/c/KK/KKNHZ.gif", "price": "599", "unit_price": "$.50/ oz", "name": "AXE 2 in 1 Shampoo + Conditioner Anarchy", "cnid": "1256", "productId": "190193", "size": "12 oz btl"},
{"thumb": "http://i4.peapod.com/c/KK/KKNHZ.gif", "price": "599", "unit_price": "$.50/ oz", "name": "AXE 2 in 1 Shampoo + Conditioner Dark Temptation Scent", "cnid": "1256", "productId": "190301", "size": "12 oz btl"},
{"thumb": "http://i4.peapod.com/c/KK/KKNHZ.gif", "price": "599", "unit_price": "$.50/ oz", "name": "AXE 2 in 1 Shampoo + Conditioner Dual", "cnid": "1256", "productId": "153667", "size": "12 oz btl"},
{"thumb": "http://i4.peapod.com/c/KK/KKNHZ.gif", "price": "599", "unit_price": "$.50/ oz", "name": "AXE 2 in 1 Shampoo + Conditioner Phoenix Scent", "cnid": "1256", "productId": "190194", "size": "12 oz btl"},
{"thumb": "http://i4.peapod.com/c/KK/KKNHZ.gif", "price": "599", "unit_price": "$.50/ oz", "name": "AXE Armour 2 in 1 Shampoo + Conditioner Anti-Dandruff", "cnid": "1256", "productId": "153665", "size": "12 oz btl"},
{"thumb": "http://i4.peapod.com/c/KK/KKNHZ.gif", "price": "599", "unit_price": "$.50/ oz", "name": "AXE Primed Shampoo Just Clean", "cnid": "1256", "productId": "153670", "size": "12 oz btl"},
{"thumb": "http://i4.peapod.com/c/KK/KKNHZ.gif", "price": "1599", "unit_price": "$2.00/ oz", "name": "Big Sexy Hair Spray & Play Harder Firm Volumizing Hair Spray Aerosol", "cnid": "1256", "productId": "160825", "size": "8 oz can"},
{"thumb": "http://i4.peapod.com/c/KK/KKNHZ.gif", "price": "249", "unit_price": "$.25/ oz", "name": "CareOne Hair Detangler Spray-On Formula Tear Free", "cnid": "1256", "productId": "151005", "size": "10 oz btl"},
{"thumb": "http://i4.peapod.com/c/KK/KKNHZ.gif", "price": "699", "unit_price": "$.29/ oz", "name": "Clairol Herbal Essences Body Envy Shampoo Volumizing", "cnid": "1256", "productId": "151000", "size": "23.7 oz btl"},
{"thumb": "http://i4.peapod.com/c/KK/KKNHZ.gif", "price": "699", "unit_price": "$.29/ oz", "name": "Clairol Herbal Essences Hello Hydration Conditioner Moisturizing", "cnid": "1256", "productId": "132419", "size": "23.7 oz btl"},
{"thumb": "http://i4.peapod.com/c/KK/KKNHZ.gif", "price": "699", "unit_price": "$.29/ oz", "name": "Clairol Herbal Essences Hello Hydration Shampoo Moisturizing", "cnid": "1256", "productId": "160828", "size": "23.7 oz btl"},
{"thumb": "http://i4.peapod.com/c/KK/KKNHZ.gif", "price": "899", "unit_price": "$8.99/ ea", "name": "Clairol Natural Instincts Non-Permanent Hair Color Hazelnut 20", "cnid": "1256", "productId": "150337", "size": "1 ct pkg"},
{"thumb": "http://i4.peapod.com/c/KK/KKNHZ.gif", "price": "899", "unit_price": "$8.99/ ea", "name": "Clairol Natural Instincts Non-Permanent Hair Color Nutmeg 28", "cnid": "1256", "productId": "149516", "size": "1 ct pkg"},
{"thumb": "http://i4.peapod.com/c/KK/KKNHZ.gif", "price": "749", "unit_price": "$7.49/ ea", "name": "Clairol Nice 'n Easy Permanent Color Natural Dark Auburn 112", "cnid": "1256", "productId": "162760", "size": "1 ct box"},
{"thumb": "http://i4.peapod.com/c/KK/KKNHZ.gif", "price": "749", "unit_price": "$7.49/ ea", "name": "Clairol Nice 'n Easy Permanent Color Natural Light Neutral Blonde 103", "cnid": "1256", "productId": "162758", "size": "1 ct box"},
{"thumb": "http://i4.peapod.com/c/KK/KKNHZ.gif", "price": "749", "unit_price": "$7.49/ ea", "name": "Clairol Nice 'n Easy Permanent Color Natural Medium Brown 118", "cnid": "1256", "productId": "162761", "size": "1 ct box"},
{"thumb": "http://i4.peapod.com/c/KK/KKNHZ.gif", "price": "749", "unit_price": "$7.49/ ea", "name": "Clairol Nice 'n Easy Permanent Color Natural Medium Golden Brown 117", "cnid": "1256", "productId": "150292", "size": "1 ct box"},
{"thumb": "http://i4.peapod.com/c/KK/KKNHZ.gif", "price": "749", "unit_price": "$7.49/ ea", "name": "Clairol Nice 'n Easy Permanent Color Natural Medium Neutral Brown 118A", "cnid": "1256", "productId": "162762", "size": "1 ct box"},
{"thumb": "http://i4.peapod.com/c/KK/KKNHZ.gif", "price": "749", "unit_price": "$7.49/ ea", "name": "Clairol Nice 'n Easy Permanent Hair Color Black 122", "cnid": "1256", "productId": "39193", "size": "1 ct box"},
{"thumb": "http://i4.peapod.com/c/KK/KKNHZ.gif", "price": "749", "unit_price": "$7.49/ ea", "name": "Clairol Nice 'n Easy Permanent Hair Color Light Brown 116", "cnid": "1256", "productId": "39202", "size": "1 ct box"},
{"thumb": "http://i4.peapod.com/c/KK/KKNHZ.gif", "price": "749", "unit_price": "$7.49/ ea", "name": "Clairol Nice 'n Easy Permanent Hair Color Medium Ash Blonde 106", "cnid": "1256", "productId": "39204", "size": "1 ct box"},
{"thumb": "http://i4.peapod.com/c/KK/KKNHZ.gif", "price": "699", "unit_price": "$6.99/ ea", "name": "Clairol Nice 'n Easy Root Touch-Up Permanent Color Medium Brown 5", "cnid": "1256", "productId": "149847", "size": "1 ct box"},
{"thumb": "http://i4.peapod.com/c/KK/KKNHZ.gif", "price": "699", "unit_price": "$6.99/ ea", "name": "Clairol Nice 'n Easy Root Touch-Up Permanent Hair Color Dark Brown 4", "cnid": "1256", "productId": "150201", "size": "1 ct box"},
{"thumb": "http://i4.peapod.com/c/KK/KKNHZ.gif", "price": "549", "unit_price": "$.43/ oz", "name": "Clear Scalp & Hair Beauty Therapy Shampoo Damage & Color Repair", "cnid": "1256", "productId": "192124", "size": "12.9 oz btl"},
{"thumb": "http://i4.peapod.com/c/KK/KKNHZ.gif", "price": "549", "unit_price": "$.43/ oz", "name": "Clear Scalp & Hair Beauty Therapy Shampoo Total Care", "cnid": "1256", "productId": "192125", "size": "12.9 oz btl"},
{"thumb": "http://i4.peapod.com/c/KK/KKNHZ.gif", "price": "649", "unit_price": "$.50/ oz", "name": "Clear Scalp Therapy Men 2 in 1 Shampoo + Conditioner Complete Care", "cnid": "1256", "productId": "192126", "size": "12.9 oz btl"},
{"thumb": "http://i4.peapod.com/c/KK/KKNHZ.gif", "price": "449", "unit_price": "$.56/ oz", "name": "Consort for Men Hair Spray Extra Hold Unscented Non-Aerosol Pump", "cnid": "1256", "productId": "150802", "size": "8 oz btl"},
{"thumb": "http://i4.peapod.com/c/KK/KKNHZ.gif", "price": "449", "unit_price": "$.54/ oz", "name": "Consort for Men Hair Spray Regular Hold Aerosol", "cnid": "1256", "productId": "151079", "size": "8.3 oz can"},
{"thumb": "http://i4.peapod.com/c/KK/KKNHZ.gif", "price": "350", "unit_price": "$.29/ oz", "name": "Dove Damage Therapy Conditioner Color Repair", "cnid": "1256", "productId": "142461", "size": "12 oz btl"},
{"thumb": "http://i4.peapod.com/c/KK/KKNHZ.gif", "price": "350", "unit_price": "$.29/ oz", "name": "Dove Damage Therapy Conditioner Cool Moisture", "cnid": "1256", "productId": "148814", "size": "12 oz btl"},
{"thumb": "http://i4.peapod.com/c/KK/KKNHZ.gif", "price": "350", "unit_price": "$.29/ oz", "name": "Dove Damage Therapy Conditioner Daily Moisture", "cnid": "1256", "productId": "130205", "size": "12 oz btl"},
{"thumb": "http://i4.peapod.com/c/KK/KKNHZ.gif", "price": "350", "unit_price": "$.29/ oz", "name": "Dove Damage Therapy Conditioner Intensive Repair", "cnid": "1256", "productId": "141693", "size": "12 oz btl"},
{"thumb": "http://i4.peapod.com/c/KK/KKNHZ.gif", "price": "350", "unit_price": "$.29/ oz", "name": "Dove Damage Therapy Conditioner Nourishing Oil Care", "cnid": "1256", "productId": "164050", "size": "12 oz btl"},
{"thumb": "http://i4.peapod.com/c/KK/KKNHZ.gif", "price": "350", "unit_price": "$.29/ oz", "name": "Dove Damage Therapy Shampoo Color Repair", "cnid": "1256", "productId": "142462", "size": "12 oz btl"},
{"thumb": "http://i4.peapod.com/c/KK/KKNHZ.gif", "price": "350", "unit_price": "$.29/ oz", "name": "Dove Damage Therapy Shampoo Cool Moisture", "cnid": "1256", "productId": "148816", "size": "12 oz btl"},
{"thumb": "http://i4.peapod.com/c/KK/KKNHZ.gif", "price": "350", "unit_price": "$.29/ oz", "name": "Dove Damage Therapy Shampoo Daily Moisture", "cnid": "1256", "productId": "130206", "size": "12 oz btl"},
{"thumb": "http://i4.peapod.com/c/KK/KKNHZ.gif", "price": "350", "unit_price": "$.29/ oz", "name": "Dove Damage Therapy Shampoo Intensive Repair", "cnid": "1256", "productId": "141692", "size": "12 oz btl"},
{"thumb": "http://i4.peapod.com/c/KK/KKNHZ.gif", "price": "350", "unit_price": "$.29/ oz", "name": "Dove Damage Therapy Shampoo Nourishing Oil Care", "cnid": "1256", "productId": "164051", "size": "12 oz btl"},
{"thumb": "http://i4.peapod.com/c/KK/KKNHZ.gif", "price": "350", "unit_price": "$.38/ oz", "name": "Dove Style + Care Hair Spray Strength & Shine Extra Hold Non-Aerosol", "cnid": "1256", "productId": "189468", "size": "9.25 oz btl"},
{"thumb": "http://i4.peapod.com/c/KK/KKNHZ.gif", "price": "350", "unit_price": "$.27/ oz", "name": "Finesse Shampoo Moisturizing for Dry or Damaged Hair", "cnid": "1256", "productId": "46137", "size": "13 oz btl"},
{"thumb": "http://i4.peapod.com/c/KK/KKNHZ.gif", "price": "175", "unit_price": "$.03/ ea", "name": "Goody Bobby Pins Black", "cnid": "1256", "productId": "10985", "size": "60 ct pkg"},
{"thumb": "http://i4.peapod.com/c/KK/KKNHZ.gif", "price": "175", "unit_price": "$.03/ ea", "name": "Goody Bobby Pins Brown", "cnid": "1256", "productId": "104458", "size": "60 ct pkg"},
{"thumb": "http://i4.peapod.com/c/KK/KKNHZ.gif", "price": "649", "unit_price": "$2.16/ ea", "name": "Goody Claw Clips for Hair Medium", "cnid": "1256", "productId": "85666", "size": "3 ct pkg"},
{"thumb": "http://i4.peapod.com/c/KK/KKNHZ.gif", "price": "219", "unit_price": "$2.19/ ea", "name": "Goody Detangling Super Comb", "cnid": "1256", "productId": "85653", "size": "1 ct pkg"},
{"thumb": "http://i4.peapod.com/c/KK/KKNHZ.gif", "price": "799", "unit_price": "$.34/ oz", "name": "Head & Shoulders 2 in 1 Dandruff Shampoo + Conditioner Classic Clean", "cnid": "1256", "productId": "39975", "size": "23.7 oz btl"},
{"thumb": "http://i4.peapod.com/c/KK/KKNHZ.gif", "price": "569", "unit_price": "$.40/ oz", "name": "Head & Shoulders 2 in 1 Dandruff Shampoo Classic Clean", "cnid": "1256", "productId": "41147", "size": "14.2 oz btl"},
{"thumb": "http://i4.peapod.com/c/KK/KKNHZ.gif", "price": "569", "unit_price": "$1.12/ oz", "name": "Head & Shoulders 2 in 1 Dandruff Shampoo Green Apple", "cnid": "1256", "productId": "188402", "size": "5.1 oz btl"},
{"thumb": "http://i4.peapod.com/c/KK/KKNHZ.gif", "price": "569", "unit_price": "$.40/ oz", "name": "Head & Shoulders Dandruff Shampoo Classic Clean for Normal Hair", "cnid": "1256", "productId": "125471", "size": "14.2 oz btl"},
{"thumb": "http://i4.peapod.com/c/KK/KKNHZ.gif", "price": "799", "unit_price": "$.56/ oz", "name": "Head & Shoulders Dandruff Shampoo Clinical Strength", "cnid": "1256", "productId": "176075", "size": "14.2 oz btl"},
{"thumb": "http://i4.peapod.com/c/KK/KKNHZ.gif", "price": "569", "unit_price": "$.40/ oz", "name": "Head & Shoulders Dandruff Shampoo Dry Scalp Care", "cnid": "1256", "productId": "126443", "size": "14.2 oz btl"},
{"thumb": "http://i4.peapod.com/c/KK/KKNHZ.gif", "price": "429", "unit_price": "$.22/ oz", "name": "Johnson's Baby Shampoo Classic", "cnid": "1256", "productId": "28541", "size": "20 oz btl"},
{"thumb": "http://i4.peapod.com/c/KK/KKNHZ.gif", "price": "399", "unit_price": "$.27/ oz", "name": "Johnson's Baby Shampoo with Lavender", "cnid": "1256", "productId": "134588", "size": "15 oz btl"},
{"thumb": "http://i4.peapod.com/c/KK/KKNHZ.gif", "price": "699", "unit_price": "$.82/ oz", "name": "L'Oreal EverPure Shampoo Moisture Sulfate-Free Rosemary Juniper", "cnid": "1256", "productId": "160829", "size": "8.5 oz sqz"},
{"thumb": "http://i4.peapod.com/c/KK/KKNHZ.gif", "price": "699", "unit_price": "$.82/ oz", "name": "L'Oreal EverSleek Conditioner Reparative Smoothing Sulfate-Free", "cnid": "1256", "productId": "164719", "size": "8.5 oz btl"},
{"thumb": "http://i4.peapod.com/c/KK/KKNHZ.gif", "price": "699", "unit_price": "$.82/ oz", "name": "L'Oreal EverSleek Shampoo Reparative Smoothing Sulfate-Free", "cnid": "1256", "productId": "164720", "size": "8.5 oz sqz"},
{"thumb": "http://i4.peapod.com/c/KK/KKNHZ.gif", "price": "849", "unit_price": "$8.49/ ea", "name": "L'Oreal Excellence Creme Permanent Hair Color Medium Brown 5G", "cnid": "1256", "productId": "41513", "size": "1 ct box"},
{"thumb": "http://i4.peapod.com/c/KK/KKNHZ.gif", "price": "469", "unit_price": "$.69/ oz", "name": "L'Oreal Studio Line Light Headed Gel Non-Hardening Strong Hold", "cnid": "1256", "productId": "150831", "size": "6.8 oz btl"},
{"thumb": "http://i4.peapod.com/c/KK/KKNHZ.gif", "price": "949", "unit_price": "$9.49/ ea", "name": "L'Oreal Superior Preference Hair Color Lightest Natural Blonde 9.5NB", "cnid": "1256", "productId": "162828", "size": "1 ct box"},
{"thumb": "http://i4.peapod.com/c/KK/KKNHZ.gif", "price": "549", "unit_price": "$.54/ oz", "name": "Neutrogena Clean Replenishing Shampoo for Dry, Damaged Hair", "cnid": "1256", "productId": "130780", "size": "10.1 oz btl"},
{"thumb": "http://i4.peapod.com/c/KK/KKNHZ.gif", "price": "949", "unit_price": "$1.12/ oz", "name": "Neutrogena T/Gel Therapeutic Shampoo Original Formula", "cnid": "1256", "productId": "8111", "size": "8.5 oz btl"},
{"thumb": "http://i4.peapod.com/c/KK/KKNHZ.gif", "price": "999", "unit_price": "$.74/ oz", "name": "Nexxus Color Assure Shampoo Replenishing Nutrient", "cnid": "1256", "productId": "140182", "size": "13.5 oz btl"},
{"thumb": "http://i4.peapod.com/c/KK/KKNHZ.gif", "price": "1599", "unit_price": "$1.18/ oz", "name": "Nexxus Color Ensure Conditioner & Detangler Replenishing", "cnid": "1256", "productId": "140183", "size": "13.5 oz btl"},
{"thumb": "http://i4.peapod.com/c/KK/KKNHZ.gif", "price": "1499", "unit_price": "$1.11/ oz", "name": "Nexxus Diametress Shampoo Luscious Volumizing", "cnid": "1256", "productId": "160834", "size": "13.5 oz btl"},
{"thumb": "http://i4.peapod.com/c/KK/KKNHZ.gif", "price": "999", "unit_price": "$1.96/ oz", "name": "Nexxus Humectress Conditioner Ultimate Moisturizing", "cnid": "1256", "productId": "160832", "size": "5.1 oz btl"},
{"thumb": "http://i4.peapod.com/c/KK/KKNHZ.gif", "price": "1599", "unit_price": "$1.18/ oz", "name": "Nexxus Humectress Conditioner Ultimate Moisturizing", "cnid": "1256", "productId": "140185", "size": "13.5 oz btl"},
{"thumb": "http://i4.peapod.com/c/KK/KKNHZ.gif", "price": "2999", "unit_price": "$.89/ oz", "name": "Nexxus Humectress Conditioner Ultimate Moisturizing Pump", "cnid": "1256", "productId": "160833", "size": "33.8 oz btl"},
{"thumb": "http://i4.peapod.com/c/KK/KKNHZ.gif", "price": "999", "unit_price": "$1.00/ oz", "name": "Nexxus Maxximum Styling & Finishing Mist Super Hold Aerosol", "cnid": "1256", "productId": "150905", "size": "10 oz can"},
{"thumb": "http://i4.peapod.com/c/KK/KKNHZ.gif", "price": "1899", "unit_price": "$.56/ oz", "name": "Nexxus Therappe Shampoo Luxurious Moisturizing Pump", "cnid": "1256", "productId": "160835", "size": "33.8 oz btl"},
{"thumb": "http://i4.peapod.com/c/KK/KKNHZ.gif", "price": "999", "unit_price": "$.74/ oz", "name": "Nexxus Therappe Shampoo Luxury Moisturizing", "cnid": "1256", "productId": "140187", "size": "13.5 oz btl"},
{"thumb": "http://i4.peapod.com/c/KK/KKNHZ.gif", "price": "429", "unit_price": "$.34/ oz", "name": "Pantene Beautiful Lengths Strengthening Conditioner", "cnid": "1256", "productId": "191766", "size": "12.6 oz btl"},
{"thumb": "http://i4.peapod.com/c/KK/KKNHZ.gif", "price": "429", "unit_price": "$.34/ oz", "name": "Pantene Pro-V Aqua Light Shampoo Weightless Nourishment", "cnid": "1256", "productId": "189485", "size": "12.6 oz btl"},
{"thumb": "http://i4.peapod.com/c/KK/KKNHZ.gif", "price": "699", "unit_price": "$.28/ oz", "name": "Pantene Pro-V Aqua Light Shampoo Weightless Nourishment", "cnid": "1256", "productId": "159540", "size": "25.4 oz btl"},
{"thumb": "http://i4.peapod.com/c/KK/KKNHZ.gif", "price": "429", "unit_price": "$.34/ oz", "name": "Pantene Pro-V Beautiful Lengths Strengthening Shampoo", "cnid": "1256", "productId": "191767", "size": "12.6 oz btl"},
{"thumb": "http://i4.peapod.com/c/KK/KKNHZ.gif", "price": "599", "unit_price": "$.46/ oz", "name": "Pantene Pro-V Brunette Expressions Shampoo", "cnid": "1256", "productId": "173464", "size": "13 oz btl"},
{"thumb": "http://i4.peapod.com/c/KK/KKNHZ.gif", "price": "699", "unit_price": "$.28/ oz", "name": "Pantene Pro-V Classic Care Solutions 2 in 1 Shampoo + Conditioner", "cnid": "1256", "productId": "130880", "size": "25.4 oz btl"},
{"thumb": "http://i4.peapod.com/c/KK/KKNHZ.gif", "price": "429", "unit_price": "$.34/ oz", "name": "Pantene Pro-V Color Hair Solutions Conditioner Color Preserve Shine", "cnid": "1256", "productId": "159390", "size": "12.6 oz btl"},
{"thumb": "http://i4.peapod.com/c/KK/KKNHZ.gif", "price": "429", "unit_price": "$.34/ oz", "name": "Pantene Pro-V Color Hair Solutions Shampoo Color Preserve Shine", "cnid": "1256", "productId": "159395", "size": "12.6 oz btl"},
{"thumb": "http://i4.peapod.com/c/KK/KKNHZ.gif", "price": "429", "unit_price": "$.34/ oz", "name": "Pantene Pro-V Color Hair Solutions Shampoo Color Preserve Volume", "cnid": "1256", "productId": "159533", "size": "12.6 oz btl"},
{"thumb": "http://i4.peapod.com/c/KK/KKNHZ.gif", "price": "429", "unit_price": "$.34/ oz", "name": "Pantene Pro-V Daily Moisture Renewal Conditioner", "cnid": "1256", "productId": "23341", "size": "12.6 oz btl"},
{"thumb": "http://i4.peapod.com/c/KK/KKNHZ.gif", "price": "429", "unit_price": "$.34/ oz", "name": "Pantene Pro-V Daily Moisture Renewal Shampoo", "cnid": "1256", "productId": "130886", "size": "12.6 oz btl"},
{"thumb": "http://i4.peapod.com/c/KK/KKNHZ.gif", "price": "429", "unit_price": "$.34/ oz", "name": "Pantene Pro-V Fine Hair Solutions 2 in 1 Shampoo & Conditioner Volume", "cnid": "1256", "productId": "159534", "size": "12.6 oz btl"},
{"thumb": "http://i4.peapod.com/c/KK/KKNHZ.gif", "price": "699", "unit_price": "$.28/ oz", "name": "Pantene Pro-V Fine Hair Solutions Conditioner Volume", "cnid": "1256", "productId": "159543", "size": "25.4 oz btl"},
{"thumb": "http://i4.peapod.com/c/KK/KKNHZ.gif", "price": "429", "unit_price": "$.34/ oz", "name": "Pantene Pro-V Fine Hair Solutions Conditioner Volume", "cnid": "1256", "productId": "159394", "size": "12.6 oz btl"},
{"thumb": "http://i4.peapod.com/c/KK/KKNHZ.gif", "price": "429", "unit_price": "$.34/ oz", "name": "Pantene Pro-V Fine Hair Solutions Shampoo Volume Silicone Free", "cnid": "1256", "productId": "159398", "size": "12.6 oz btl"},
{"thumb": "http://i4.peapod.com/c/KK/KKNHZ.gif", "price": "699", "unit_price": "$1.37/ oz", "name": "Pantene Pro-V Medium-Thick Hair Style Creme Straighten & Smooth", "cnid": "1256", "productId": "159915", "size": "5.1 oz btl"},
{"thumb": "http://i4.peapod.com/c/KK/KKNHZ.gif", "price": "699", "unit_price": "$.28/ oz", "name": "Pantene Pro-V Normal-Thick Hair Solutions Conditioner Anti-Breakage", "cnid": "1256", "productId": "159912", "size": "25.4 oz btl"},
{"thumb": "http://i4.peapod.com/c/KK/KKNHZ.gif", "price": "429", "unit_price": "$.34/ oz", "name": "Pantene Pro-V Normal-Thick Hair Solutions Conditioner Smooth", "cnid": "1256", "productId": "160837", "size": "12.6 oz btl"},
{"thumb": "http://i4.peapod.com/c/KK/KKNHZ.gif", "price": "699", "unit_price": "$.28/ oz", "name": "Pantene Pro-V Normal-Thick Hair Solutions Conditioner Smooth", "cnid": "1256", "productId": "159538", "size": "25.4 oz btl"},
{"thumb": "http://i4.peapod.com/c/KK/KKNHZ.gif", "price": "699", "unit_price": "$.28/ oz", "name": "Pantene Pro-V Normal-Thick Hair Solutions Shampoo Anti-Breakage", "cnid": "1256", "productId": "159910", "size": "25.4 oz btl"},
{"thumb": "http://i4.peapod.com/c/KK/KKNHZ.gif", "price": "429", "unit_price": "$.34/ oz", "name": "Pantene Pro-V Normal-Thick Hair Solutions Shampoo Smooth", "cnid": "1256", "productId": "172736", "size": "12.6 oz btl"},
{"thumb": "http://i4.peapod.com/c/KK/KKNHZ.gif", "price": "4999", "unit_price": "$7.90/ oz", "name": "Rogaine Men's Hair Regrowth Treatment Unscented Foam - 3 ct", "cnid": "1256", "productId": "160838", "size": "2.11 oz btl"},
{"thumb": "http://i4.peapod.com/c/KK/KKNHZ.gif", "price": "799", "unit_price": "$.73/ oz", "name": "Selsun Blue Dandruff Shampoo Medicated with Menthol for Dry Hair", "cnid": "1256", "productId": "10200", "size": "11 oz btl"},
{"thumb": "http://i4.peapod.com/c/KK/KKNHZ.gif", "price": "250", "unit_price": "$.23/ oz", "name": "Suave Hair Spray Max Hold Unscented Non Aerosol", "cnid": "1256", "productId": "146358", "size": "11 oz btl"},
{"thumb": "http://i4.peapod.com/c/KK/KKNHZ.gif", "price": "150", "unit_price": "$.07/ oz", "name": "Suave Naturals Conditioner Clarifying for Normal to Oily Hair Family Size", "cnid": "1256", "productId": "117884", "size": "22.5 oz btl"},
{"thumb": "http://i4.peapod.com/c/KK/KKNHZ.gif", "price": "150", "unit_price": "$.07/ oz", "name": "Suave Naturals Conditioner Ocean Breeze Family Size", "cnid": "1256", "productId": "143466", "size": "22.5 oz btl"},
{"thumb": "http://i4.peapod.com/c/KK/KKNHZ.gif", "price": "150", "unit_price": "$.07/ oz", "name": "Suave Naturals Shampoo Daily Clarifying Normal to Oily Hair Family Size", "cnid": "1256", "productId": "103859", "size": "22.5 oz btl"},
{"thumb": "http://i4.peapod.com/c/KK/KKNHZ.gif", "price": "150", "unit_price": "$.07/ oz", "name": "Suave Naturals Shampoo Ocean Breeze Family Size", "cnid": "1256", "productId": "143468", "size": "22.5 oz btl"},
{"thumb": "http://i4.peapod.com/c/KK/KKNHZ.gif", "price": "250", "unit_price": "$.20/ oz", "name": "Suave Professionals Conditioner Moisturizing Almond + Shea Butter", "cnid": "1256", "productId": "157892", "size": "12.6 oz btl"},
{"thumb": "http://i4.peapod.com/c/KK/KKNHZ.gif", "price": "250", "unit_price": "$.20/ oz", "name": "Suave Professionals Humectant Moisture Conditioner for Dry Hair", "cnid": "1256", "productId": "86630", "size": "12.6 oz btl"},
{"thumb": "http://i4.peapod.com/c/KK/KKNHZ.gif", "price": "250", "unit_price": "$.20/ oz", "name": "Suave Professionals Humectant Moisture Shampoo for Dry Hair", "cnid": "1256", "productId": "86631", "size": "12.6 oz btl"},
{"thumb": "http://i4.peapod.com/c/KK/KKNHZ.gif", "price": "399", "unit_price": "$.32/ oz", "name": "Suave Professionals Keratin Infusion Conditioner Smoothing", "cnid": "1256", "productId": "186185", "size": "12.6 oz btl"},
{"thumb": "http://i4.peapod.com/c/KK/KKNHZ.gif", "price": "399", "unit_price": "$.32/ oz", "name": "Suave Professionals Keratin Infusion Smoothing Shampoo", "cnid": "1256", "productId": "186186", "size": "12.6 oz btl"},
{"thumb": "http://i4.peapod.com/c/KK/KKNHZ.gif", "price": "250", "unit_price": "$.20/ oz", "name": "Suave Professionals Men 2 in 1 Shampoo + Conditioner Ocean Charge", "cnid": "1256", "productId": "131523", "size": "12.6 oz btl"},
{"thumb": "http://i4.peapod.com/c/KK/KKNHZ.gif", "price": "399", "unit_price": "$.28/ oz", "name": "Suave Scalp Solutions 2 in 1 Shamp/Conditioner Anti Dandruff Invigorating", "cnid": "1256", "productId": "190198", "size": "14.5 oz btl"},
{"thumb": "http://i4.peapod.com/c/KK/KKNHZ.gif", "price": "399", "unit_price": "$.28/ oz", "name": "Suave Scalp Solutions Shampoo Anti Dandruff Coconut & Shea Butter", "cnid": "1256", "productId": "190197", "size": "14.5 oz btl"},
{"thumb": "http://i4.peapod.com/c/KK/KKNHZ.gif", "price": "1899", "unit_price": "$1.90/ oz", "name": "TIGI Bed Head Hair Spray Hard Head", "cnid": "1256", "productId": "160843", "size": "10 oz can"},
{"thumb": "http://i4.peapod.com/c/KK/KKNHZ.gif", "price": "439", "unit_price": "$.14/ oz", "name": "TRESemme Conditioner Pro Vitamin B5 & Aloe Remoisturizing All Hair Types", "cnid": "1256", "productId": "74271", "size": "32 oz btl"},
{"thumb": "http://i4.peapod.com/c/KK/KKNHZ.gif", "price": "449", "unit_price": "$.41/ oz", "name": "TRESemme Hair Spray Extra Hold Aerosol", "cnid": "1256", "productId": "116446", "size": "11 oz can"},
{"thumb": "http://i4.peapod.com/c/KK/KKNHZ.gif", "price": "449", "unit_price": "$.45/ oz", "name": "TRESemme Hair Spray Sculpting Spritz Super Hold Pump", "cnid": "1256", "productId": "150695", "size": "10 oz btl"},
{"thumb": "http://i4.peapod.com/c/KK/KKNHZ.gif", "price": "449", "unit_price": "$.41/ oz", "name": "TRESemme Hair Spray Ultra Fine Mist Aerosol", "cnid": "1256", "productId": "151013", "size": "11 oz can"},
{"thumb": "http://i4.peapod.com/c/KK/KKNHZ.gif", "price": "439", "unit_price": "$.14/ oz", "name": "TRESemme Shampoo Vitamin C Deep Cleansing for All Hair Types", "cnid": "1256", "productId": "31353", "size": "32 oz btl"},
{"thumb": "http://i4.peapod.com/c/KK/KKNHZ.gif", "price": "439", "unit_price": "$.14/ oz", "name": "TRESemme Shampoo Vitamin E Moisture Rich for Dry, Damaged Hair", "cnid": "1256", "productId": "107043", "size": "32 oz btl"},
{"thumb": "http://i4.peapod.com/c/KK/KKNHZ.gif", "price": "499", "unit_price": "$.20/ oz", "name": "TRESemme Split Remedy Conditioner Split End", "cnid": "1256", "productId": "186762", "size": "25 oz btl"},
{"thumb": "http://i4.peapod.com/c/KK/KKNHZ.gif", "price": "499", "unit_price": "$.20/ oz", "name": "TRESemme Split Remedy Shampoo Split End", "cnid": "1256", "productId": "186761", "size": "25 oz btl"},
{"thumb": "http://i4.peapod.com/c/KK/KKNHZ.gif", "price": "299", "unit_price": "$2.99/ ea", "name": "CareOne Sure Grip Toe Nail Clipper", "cnid": "1255", "productId": "162983", "size": "1 ct pkg"},
{"thumb": "http://i4.peapod.com/c/KK/KKNHZ.gif", "price": "399", "unit_price": "$.67/ ea", "name": "Dr. Scholl's Callus Cushions Round", "cnid": "1255", "productId": "249", "size": "6 ct pkg"},
{"thumb": "http://i4.peapod.com/c/KK/KKNHZ.gif", "price": "459", "unit_price": "$1.15/ ea", "name": "Dr. Scholl's Callus Removers Extra-Thick Cushions Medicated", "cnid": "1255", "productId": "146055", "size": "4 ct pkg"},
{"thumb": "http://i4.peapod.com/c/KK/KKNHZ.gif", "price": "399", "unit_price": "$.44/ ea", "name": "Dr. Scholl's Corn Cushions", "cnid": "1255", "productId": "245", "size": "9 ct pkg"},
{"thumb": "http://i4.peapod.com/c/KK/KKNHZ.gif", "price": "469", "unit_price": "$.52/ ea", "name": "Dr. Scholl's Corn Remover Cushions Medicated", "cnid": "1255", "productId": "29450", "size": "9 ct pkg"},
{"thumb": "http://i4.peapod.com/c/KK/KKNHZ.gif", "price": "399", "unit_price": "$3.99/ ea", "name": "Dr. Scholl's Insole Double Air Pillo Trim to Fit Men's 7-13/Women's 5-10", "cnid": "1255", "productId": "160895", "size": "1 pair pkg"},
{"thumb": "http://i4.peapod.com/c/KK/KKNHZ.gif", "price": "1399", "unit_price": "$13.99/ ea", "name": "Dr. Scholl's Insole Massaging Gel Men's Sizes 8-13", "cnid": "1255", "productId": "160650", "size": "1 pair pkg"},
{"thumb": "http://i4.peapod.com/c/KK/KKNHZ.gif", "price": "1399", "unit_price": "$13.99/ ea", "name": "Dr. Scholl's Insole Massaging Gel Work Men's Sizes 8-13", "cnid": "1255", "productId": "160651", "size": "1 pair pkg"},
{"thumb": "http://i4.peapod.com/c/KK/KKNHZ.gif", "price": "599", "unit_price": "$5.99/ ea", "name": "Dr. Scholl's Liquid Corn/Callus Remover - 3 Cushions", "cnid": "1255", "productId": "10398", "size": "1 set"},
{"thumb": "http://i4.peapod.com/c/KK/KKNHZ.gif", "price": "1399", "unit_price": "$13.99/ ea", "name": "Dr. Scholl's Massaging Gel Insole Women's Sizes 6-10", "cnid": "1255", "productId": "160906", "size": "1 pair pkg"},
{"thumb": "http://i4.peapod.com/c/KK/KKNHZ.gif", "price": "599", "unit_price": "$1.00/ ea", "name": "Dr. Scholl's OneStep Corn Removers Medicated Bandages Maximum Strength", "cnid": "1255", "productId": "146054", "size": "6 ct pkg"},
{"thumb": "http://i4.peapod.com/c/KK/KKNHZ.gif", "price": "899", "unit_price": "$8.99/ ea", "name": "Dr. Scholl's Tri-Comfort Orthotics Insole Women's Sizes 6-10", "cnid": "1255", "productId": "160652", "size": "1 pair pkg"},
{"thumb": "http://i4.peapod.com/c/KK/KKNHZ.gif", "price": "1099", "unit_price": "$10.99/ oz", "name": "FungiCure Instant Dry Antifungal Liquid Maximum Strength with Nail Guard", "cnid": "1255", "productId": "149436", "size": "1 oz btl"},
{"thumb": "http://i4.peapod.com/c/KK/KKNHZ.gif", "price": "649", "unit_price": "$1.62/ oz", "name": "Gold Bond Foot Cream Triple Action Relief", "cnid": "1255", "productId": "149937", "size": "4 oz btl"},
{"thumb": "http://i4.peapod.com/c/KK/KKNHZ.gif", "price": "749", "unit_price": "$1.41/ oz", "name": "Tinactin Athlete's Foot Antifungal Liquid Spray", "cnid": "1255", "productId": "171872", "size": "5.3 oz can"},
{"thumb": "http://i4.peapod.com/c/KK/KKNHZ.gif", "price": "499", "unit_price": "$4.99/ oz", "name": "Benadryl Itch Relief Original Strength Cream", "cnid": "1239", "productId": "149892", "size": "1 oz pkg"},
{"thumb": "http://i4.peapod.com/c/KK/KKNHZ.gif", "price": "219", "unit_price": "$.02/ ea", "name": "CareOne Alcohol Swabs 70% Isopropyl Alcohol Individually Wrapped", "cnid": "1239", "productId": "122605", "size": "100 ct box"},
{"thumb": "http://i4.peapod.com/c/KK/KKNHZ.gif", "price": "399", "unit_price": "$.10/ ea", "name": "CareOne Alcohol Wipes First Aid Antiseptic 70% Isopropyl", "cnid": "1239", "productId": "163944", "size": "40 ct pkg"},
{"thumb": "http://i4.peapod.com/c/KK/KKNHZ.gif", "price": "349", "unit_price": "$3.49/ oz", "name": "CareOne Anti-Itch with Aloe Hydrocortisone Cream", "cnid": "1239", "productId": "116728", "size": "1 oz pkg"},
{"thumb": "http://i4.peapod.com/c/KK/KKNHZ.gif", "price": "499", "unit_price": "$4.99/ oz", "name": "CareOne Bacitracin Antibiotic Ointment", "cnid": "1239", "productId": "117548", "size": "1 oz pkg"},
{"thumb": "http://i4.peapod.com/c/KK/KKNHZ.gif", "price": "100", "unit_price": "$.05/ ea", "name": "CareOne Bandages Heavy Duty Fabric Latex Free 1 X 3 Inch", "cnid": "1239", "productId": "150839", "size": "20 ct box"},
{"thumb": "http://i4.peapod.com/c/KK/KKNHZ.gif", "price": "219", "unit_price": "$.04/ ea", "name": "CareOne Bandages Plastic with Non-Stick Pad Latex Free 3/4 X 3 Inch", "cnid": "1239", "productId": "127514", "size": "60 ct box"},
{"thumb": "http://i4.peapod.com/c/KK/KKNHZ.gif", "price": "219", "unit_price": "$.04/ ea", "name": "CareOne Bandages Sheer with Non-Stick Pad Assorted Sizes", "cnid": "1239", "productId": "116726", "size": "60 ct box"},
{"thumb": "http://i4.peapod.com/c/KK/KKNHZ.gif", "price": "299", "unit_price": "$.05/ oz", "name": "CareOne Epsom Salt", "cnid": "1239", "productId": "58354", "size": "64 oz ctn"},
{"thumb": "http://i4.peapod.com/c/KK/KKNHZ.gif", "price": "99", "unit_price": "$.06/ oz", "name": "CareOne Hydrogen Peroxide", "cnid": "1239", "productId": "58363", "size": "16 oz btl"},
{"thumb": "http://i4.peapod.com/c/KK/KKNHZ.gif", "price": "209", "unit_price": "$.13/ oz", "name": "CareOne Isopropyl Alcohol 91%", "cnid": "1239", "productId": "120249", "size": "16 oz btl"},
{"thumb": "http://i4.peapod.com/c/KK/KKNHZ.gif", "price": "189", "unit_price": "$.12/ oz", "name": "CareOne Rubbing Alcohol 70% Isopropyl", "cnid": "1239", "productId": "58371", "size": "16 oz btl"},
{"thumb": "http://i4.peapod.com/c/KK/KKNHZ.gif", "price": "479", "unit_price": "$.19/ ea", "name": "CareOne Sterile Pads 12 Ply Latex Free 3 X 3 Inch", "cnid": "1239", "productId": "116727", "size": "25 ct box"},
{"thumb": "http://i4.peapod.com/c/KK/KKNHZ.gif", "price": "599", "unit_price": "$5.99/ oz", "name": "Cortizone-10 Anti-Itch Plus Aloe Hydrocortisone Creme", "cnid": "1239", "productId": "110307", "size": "1 oz pkg"},
{"thumb": "http://i4.peapod.com/c/KK/KKNHZ.gif", "price": "539", "unit_price": "$5.39/ oz", "name": "Cortizone-10 Maximum Strength with Aloe Hydrocortisone Creme", "cnid": "1239", "productId": "17679", "size": "1 oz pkg"},
{"thumb": "http://i4.peapod.com/c/KK/KKNHZ.gif", "price": "299", "unit_price": "$.01/ ea", "name": "Curad Alcohol Swabs 70% Isopropyl Alcohol Value Pack", "cnid": "1239", "productId": "163945", "size": "200 ct box"},
{"thumb": "http://i4.peapod.com/c/KK/KKNHZ.gif", "price": "100", "unit_price": "$.08/ oz", "name": "Guaranteed Value 50% Isopropyl Alcohol", "cnid": "1239", "productId": "156356", "size": "12 oz btl"},
{"thumb": "http://i4.peapod.com/c/KK/KKNHZ.gif", "price": "279", "unit_price": "$.09/ ea", "name": "Johnson & Johnson Band-Aid Bandages Clear Strips 3/4 X 3 Inch", "cnid": "1239", "productId": "82451", "size": "30 ct box"},
{"thumb": "http://i4.peapod.com/c/KK/KKNHZ.gif", "price": "299", "unit_price": "$.12/ ea", "name": "Johnson & Johnson Band-Aid Bandages Dora the Explorer Assorted Sizes", "cnid": "1239", "productId": "131361", "size": "25 ct box"},
{"thumb": "http://i4.peapod.com/c/KK/KKNHZ.gif", "price": "299", "unit_price": "$.10/ ea", "name": "Johnson & Johnson Band-Aid Bandages Flexible Fabric Assorted Sizes", "cnid": "1239", "productId": "10678", "size": "30 ct box"},
{"thumb": "http://i4.peapod.com/c/KK/KKNHZ.gif", "price": "279", "unit_price": "$.05/ ea", "name": "Johnson & Johnson Band-Aid Bandages Plastic Strips 3/4 X 3 Inch", "cnid": "1239", "productId": "10683", "size": "60 ct box"},
{"thumb": "http://i4.peapod.com/c/KK/KKNHZ.gif", "price": "299", "unit_price": "$.05/ ea", "name": "Johnson & Johnson Band-Aid Bandages Sheer Strips Assorted Sizes", "cnid": "1239", "productId": "15845", "size": "60 ct box"},
{"thumb": "http://i4.peapod.com/c/KK/KKNHZ.gif", "price": "299", "unit_price": "$.04/ ea", "name": "Johnson & Johnson Band-Aid Bandages Sheer Strips Assorted Sizes", "cnid": "1239", "productId": "86768", "size": "80 ct box"},
{"thumb": "http://i4.peapod.com/c/KK/KKNHZ.gif", "price": "299", "unit_price": "$.15/ ea", "name": "Johnson & Johnson Band-Aid Bandages SpongeBob Assorted Sizes", "cnid": "1239", "productId": "139374", "size": "20 ct box"},
{"thumb": "http://i4.peapod.com/c/KK/KKNHZ.gif", "price": "299", "unit_price": "$.15/ ea", "name": "Johnson & Johnson Band-Aid Bandages Tough Strips 1 x 3 1/4 Inch", "cnid": "1239", "productId": "149890", "size": "20 ct box"},
{"thumb": "http://i4.peapod.com/c/KK/KKNHZ.gif", "price": "499", "unit_price": "$9.98/ oz", "name": "Neosporin Antibiotic Ointment Original", "cnid": "1239", "productId": "10208", "size": ".5 oz pkg"},
{"thumb": "http://i4.peapod.com/c/KK/KKNHZ.gif", "price": "1049", "unit_price": "$13.99/ oz", "name": "Prosacea Multi-Symptom Rosacea Relief Treatment Gel", "cnid": "1239", "productId": "149437", "size": ".75 oz pkg"},
{"thumb": "http://i4.peapod.com/c/KK/KKNHZ.gif", "price": "699", "unit_price": "$9.32/ oz", "name": "Psoriasin Psoriasis Multi-Symptom Relief Gel", "cnid": "1239", "productId": "149434", "size": ".75 oz pkg"},
{"thumb": "http://i4.peapod.com/c/KK/KKNHZ.gif", "price": "699", "unit_price": "$1.55/ oz", "name": "Solarcaine Aloe Extra Burn Relief Aerosol Spray", "cnid": "1239", "productId": "10855", "size": "4.5 oz can"},
{"thumb": "http://i4.peapod.com/c/KK/KKNHZ.gif", "price": "649", "unit_price": "$3.24/ ea", "name": "ThermaCare Heat Wraps Lower Back & Hip L-XL 8 Hours of Heat", "cnid": "1239", "productId": "127335", "size": "2 ct pkg"},
{"thumb": "http://i4.peapod.com/c/KK/KKNHZ.gif", "price": "649", "unit_price": "$2.16/ ea", "name": "ThermaCare Heat Wraps Menstrual Cramp Relief 8 Hours of Heat", "cnid": "1239", "productId": "127336", "size": "3 ct pkg"},
{"thumb": "http://i4.peapod.com/c/KK/KKNHZ.gif", "price": "649", "unit_price": "$2.16/ ea", "name": "ThermaCare Heat Wraps Neck, Shoulder & Wrist 8 Hours of Heat", "cnid": "1239", "productId": "127337", "size": "3 ct pkg"},
{"thumb": "http://i4.peapod.com/c/KK/KKNHZ.gif", "price": "269", "unit_price": "$.72/ oz", "name": "Vaseline Petroleum Jelly", "cnid": "1239", "productId": "10275", "size": "3.75 oz jar"},
{"thumb": "http://i4.peapod.com/c/KK/KKNHZ.gif", "price": "379", "unit_price": "$.09/ ea", "name": "Always Dri-Liners Pantiliners with Leak Guard Core Unscented Long", "cnid": "1234", "productId": "145548", "size": "40 ct pkg"},
{"thumb": "http://i4.peapod.com/c/KK/KKNHZ.gif", "price": "699", "unit_price": "$.17/ ea", "name": "Always Fresh Pads Ultra Thin Super Protection with Flexi-Wings Long", "cnid": "1234", "productId": "163942", "size": "40 ct pkg"},
{"thumb": "http://i4.peapod.com/c/KK/KKNHZ.gif", "price": "469", "unit_price": "$.29/ ea", "name": "Always Infinity Pads Heavy Flow with Wings", "cnid": "1234", "productId": "156990", "size": "16 ct pkg"},
{"thumb": "http://i4.peapod.com/c/KK/KKNHZ.gif", "price": "679", "unit_price": "$.28/ ea", "name": "Always Maxi Pads Maximum Protection with Flexi-Wings For Sizes 14+", "cnid": "1234", "productId": "28081", "size": "24 ct pkg"},
{"thumb": "http://i4.peapod.com/c/KK/KKNHZ.gif", "price": "679", "unit_price": "$.34/ ea", "name": "Always Maxi Pads Overnight Maximum Protection with Flexi-Wings", "cnid": "1234", "productId": "148526", "size": "20 ct pkg"},
{"thumb": "http://i4.peapod.com/c/KK/KKNHZ.gif", "price": "699", "unit_price": "$.19/ ea", "name": "Always Maxi Pads Overnight Protection with Flexi-Wings", "cnid": "1234", "productId": "148525", "size": "36 ct pkg"},
{"thumb": "http://i4.peapod.com/c/KK/KKNHZ.gif", "price": "679", "unit_price": "$.19/ ea", "name": "Always Maxi Pads Regular Protection with Flexi-Wings", "cnid": "1234", "productId": "92976", "size": "36 ct pkg"},
{"thumb": "http://i4.peapod.com/c/KK/KKNHZ.gif", "price": "679", "unit_price": "$.17/ ea", "name": "Always Pads Ultra Thin Super Protection Long", "cnid": "1234", "productId": "152635", "size": "40 ct pkg"},
{"thumb": "http://i4.peapod.com/c/KK/KKNHZ.gif", "price": "379", "unit_price": "$.06/ ea", "name": "Always Pantiliners Thin Regular Unscented", "cnid": "1234", "productId": "146754", "size": "60 ct pkg"},
{"thumb": "http://i4.peapod.com/c/KK/KKNHZ.gif", "price": "679", "unit_price": "$.24/ ea", "name": "Always Ultra Thin Pads Overnight Protection with Flexi-Wings", "cnid": "1234", "productId": "101007", "size": "28 ct pkg"},
{"thumb": "http://i4.peapod.com/c/KK/KKNHZ.gif", "price": "379", "unit_price": "$.21/ ea", "name": "Always Ultra Thin Pads Regular with Flexi-Wings", "cnid": "1234", "productId": "3701", "size": "18 ct pkg"},
{"thumb": "http://i4.peapod.com/c/KK/KKNHZ.gif", "price": "379", "unit_price": "$.24/ ea", "name": "Always Ultra Thin Pads Super Protection with Flexi-Wings Long", "cnid": "1234", "productId": "3692", "size": "16 ct pkg"},
{"thumb": "http://i4.peapod.com/c/KK/KKNHZ.gif", "price": "699", "unit_price": "$.16/ ea", "name": "Always Ultra Thin Pads Super Protection with Flexi-Wings Long", "cnid": "1234", "productId": "155067", "size": "44 ct pkg"},
{"thumb": "http://i4.peapod.com/c/KK/KKNHZ.gif", "price": "399", "unit_price": "$.20/ ea", "name": "Always Wipes To Go Individually Wrapped Wipes", "cnid": "1234", "productId": "149757", "size": "20 ct box"},
{"thumb": "http://i4.peapod.com/c/KK/KKNHZ.gif", "price": "359", "unit_price": "$.09/ ea", "name": "Carefree Pantiliners Original Long Fresh Scent", "cnid": "1234", "productId": "121382", "size": "40 ct pkg"},
{"thumb": "http://i4.peapod.com/c/KK/KKNHZ.gif", "price": "359", "unit_price": "$.08/ ea", "name": "Kotex Lightdays Pantiliners Long Unscented", "cnid": "1234", "productId": "46592", "size": "48 ct box"},
{"thumb": "http://i4.peapod.com/c/KK/KKNHZ.gif", "price": "359", "unit_price": "$.06/ ea", "name": "Kotex Lightdays Pantiliners Regular Deodorant Scented", "cnid": "1234", "productId": "148232", "size": "64 ct box"},
{"thumb": "http://i4.peapod.com/c/KK/KKNHZ.gif", "price": "359", "unit_price": "$.06/ ea", "name": "Kotex Lightdays Pantiliners Regular Unscented", "cnid": "1234", "productId": "12586", "size": "64 ct box"},
{"thumb": "http://i4.peapod.com/c/KK/KKNHZ.gif", "price": "369", "unit_price": "$.26/ ea", "name": "Kotex Maxi Pads Heavy Flow Overnight", "cnid": "1234", "productId": "3364", "size": "14 ct pkg"},
{"thumb": "http://i4.peapod.com/c/KK/KKNHZ.gif", "price": "369", "unit_price": "$.26/ ea", "name": "Kotex Maxi Pads Heavy Flow Overnight with Wings", "cnid": "1234", "productId": "127540", "size": "14 ct pkg"},
{"thumb": "http://i4.peapod.com/c/KK/KKNHZ.gif", "price": "369", "unit_price": "$.17/ ea", "name": "Kotex Maxi Pads Long Super", "cnid": "1234", "productId": "3371", "size": "22 ct pkg"},
{"thumb": "http://i4.peapod.com/c/KK/KKNHZ.gif", "price": "369", "unit_price": "$.15/ ea", "name": "Kotex Maxi Pads Regular", "cnid": "1234", "productId": "111254", "size": "24 ct pkg"},
{"thumb": "http://i4.peapod.com/c/KK/KKNHZ.gif", "price": "319", "unit_price": "$.18/ ea", "name": "Kotex Security Tampons Plastic Regular Absorbency", "cnid": "1234", "productId": "3376", "size": "18 ct box"},
{"thumb": "http://i4.peapod.com/c/KK/KKNHZ.gif", "price": "319", "unit_price": "$.18/ ea", "name": "Kotex Security Tampons Super Absorbency Medium-Heavy Flow", "cnid": "1234", "productId": "3377", "size": "18 ct box"},
{"thumb": "http://i4.peapod.com/c/KK/KKNHZ.gif", "price": "349", "unit_price": "$.17/ ea", "name": "Kotex Ultra Thin Pads Long Unscented", "cnid": "1234", "productId": "12587", "size": "20 ct pkg"},
{"thumb": "http://i4.peapod.com/c/KK/KKNHZ.gif", "price": "349", "unit_price": "$.16/ ea", "name": "Kotex Ultra Thin Pads Regular", "cnid": "1234", "productId": "3372", "size": "22 ct pkg"},
{"thumb": "http://i4.peapod.com/c/KK/KKNHZ.gif", "price": "1999", "unit_price": "$19.99/ ea", "name": "Monistat 1 Day or Night Combination Pack Vaginal Antifungal 1 Treatment", "cnid": "1234", "productId": "119711", "size": "1 ct pkg"},
{"thumb": "http://i4.peapod.com/c/KK/KKNHZ.gif", "price": "699", "unit_price": "$.17/ ea", "name": "O.B. No Applicator Tampons Super Absorbency", "cnid": "1234", "productId": "42544", "size": "40 ct box"},
{"thumb": "http://i4.peapod.com/c/KK/KKNHZ.gif", "price": "699", "unit_price": "$.17/ ea", "name": "O.B. No Applicator Tampons Super Plus Absorbency", "cnid": "1234", "productId": "151116", "size": "40 ct box"},
{"thumb": "http://i4.peapod.com/c/KK/KKNHZ.gif", "price": "799", "unit_price": "$.22/ ea", "name": "Playtex Gentle Glide Tampons Multi-Pack 18 Regular & 18 Super Unscented", "cnid": "1234", "productId": "140855", "size": "36 ct box"},
{"thumb": "http://i4.peapod.com/c/KK/KKNHZ.gif", "price": "799", "unit_price": "$.22/ ea", "name": "Playtex Gentle Glide Tampons Regular Plastic Applicator Fresh Scent", "cnid": "1234", "productId": "44928", "size": "36 ct box"},
{"thumb": "http://i4.peapod.com/c/KK/KKNHZ.gif", "price": "469", "unit_price": "$.26/ ea", "name": "Playtex Gentle Glide Tampons Regular Plastic Applicator Unscented", "cnid": "1234", "productId": "57968", "size": "18 ct box"},
{"thumb": "http://i4.peapod.com/c/KK/KKNHZ.gif", "price": "469", "unit_price": "$.26/ ea", "name": "Playtex Gentle Glide Tampons Regular Plastic Applicator Unscented", "cnid": "1234", "productId": "76057", "size": "18 ct box"},
{"thumb": "http://i4.peapod.com/c/KK/KKNHZ.gif", "price": "469", "unit_price": "$.26/ ea", "name": "Playtex Gentle Glide Tampons Super Plastic Applicator Unscented", "cnid": "1234", "productId": "59908", "size": "18 ct box"},
{"thumb": "http://i4.peapod.com/c/KK/KKNHZ.gif", "price": "799", "unit_price": "$.22/ ea", "name": "Playtex Gentle Glide Tampons Ultra Absorbency Plastic Applicator Unscented", "cnid": "1234", "productId": "152176", "size": "36 ct box"},
{"thumb": "http://i4.peapod.com/c/KK/KKNHZ.gif", "price": "399", "unit_price": "$.20/ ea", "name": "Poise Body Cooling Towelettes Hot Flash Comfort", "cnid": "1234", "productId": "190359", "size": "20 ct pkg"},
{"thumb": "http://i4.peapod.com/c/KK/KKNHZ.gif", "price": "699", "unit_price": "$5.82/ oz", "name": "Poise Cooling Gel Roll On Hot Flash Comfort", "cnid": "1234", "productId": "190362", "size": "1.2 oz pkg"},
{"thumb": "http://i4.peapod.com/c/KK/KKNHZ.gif", "price": "399", "unit_price": "$.55/ oz", "name": "Poise Feminine Wash Daily Freshness Pump", "cnid": "1234", "productId": "190360", "size": "7.3 oz btl"},
{"thumb": "http://i4.peapod.com/c/KK/KKNHZ.gif", "price": "349", "unit_price": "$.14/ ea", "name": "Poise Panty Fresheners Daily Freshness Long Lasting Scent", "cnid": "1234", "productId": "190363", "size": "24 ct box"},
{"thumb": "http://i4.peapod.com/c/KK/KKNHZ.gif", "price": "359", "unit_price": "$.16/ ea", "name": "Stayfree Ultra Thin Pads Regular", "cnid": "1234", "productId": "127547", "size": "22 ct pkg"},
{"thumb": "http://i4.peapod.com/c/KK/KKNHZ.gif", "price": "359", "unit_price": "$.20/ ea", "name": "Stayfree Ultra Thin Pads Regular with Wings", "cnid": "1234", "productId": "11477", "size": "18 ct pkg"},
{"thumb": "http://i4.peapod.com/c/KK/KKNHZ.gif", "price": "1069", "unit_price": "$.20/ ea", "name": "Tampax Pearl Tampons Regular Absorbency with Plastic Applicator Unscented", "cnid": "1234", "productId": "160598", "size": "54 ct box"},
{"thumb": "http://i4.peapod.com/c/KK/KKNHZ.gif", "price": "469", "unit_price": "$.26/ ea", "name": "Tampax Pearl Tampons Super + Absorbency with Plastic Applicator Unscented", "cnid": "1234", "productId": "140846", "size": "18 ct box"},
{"thumb": "http://i4.peapod.com/c/KK/KKNHZ.gif", "price": "699", "unit_price": "$.19/ ea", "name": "Tampax Pearl Tampons Super Absorbency with Plastic Applicator Fresh Scent", "cnid": "1234", "productId": "151118", "size": "36 ct box"},
{"thumb": "http://i4.peapod.com/c/KK/KKNHZ.gif", "price": "1069", "unit_price": "$.21/ ea", "name": "Tampax Pearl Tampons Super Absorbency with Plastic Applicator Unscented", "cnid": "1234", "productId": "160597", "size": "50 ct box"},
{"thumb": "http://i4.peapod.com/c/KK/KKNHZ.gif", "price": "1199", "unit_price": "$.15/ ea", "name": "Tampax Tampons Multipack Super Regular & Lites with Flushable Applicator", "cnid": "1234", "productId": "103591", "size": "80 ct box"},
{"thumb": "http://i4.peapod.com/c/KK/KKNHZ.gif", "price": "679", "unit_price": "$.17/ ea", "name": "Tampax Tampons Regular Absorbency with Flushable Applicator Slender", "cnid": "1234", "productId": "105357", "size": "40 ct box"},
{"thumb": "http://i4.peapod.com/c/KK/KKNHZ.gif", "price": "679", "unit_price": "$.17/ ea", "name": "Tampax Tampons Super Plus Absorbency with Flushable Applicator", "cnid": "1234", "productId": "46593", "size": "40 ct box"},
{"thumb": "http://i4.peapod.com/c/KK/KKNHZ.gif", "price": "400", "unit_price": "$.07/ ea", "name": "U by Kotex Barely There Liners Thin", "cnid": "1234", "productId": "158151", "size": "60 ct box"},
{"thumb": "http://i4.peapod.com/c/KK/KKNHZ.gif", "price": "400", "unit_price": "$.25/ ea", "name": "U by Kotex CleanWear Pads Heavy Flow with Wings", "cnid": "1234", "productId": "159062", "size": "16 ct box"},
{"thumb": "http://i4.peapod.com/c/KK/KKNHZ.gif", "price": "400", "unit_price": "$.22/ ea", "name": "U by Kotex CleanWear Pads Regular with Wings", "cnid": "1234", "productId": "156787", "size": "18 ct box"},
{"thumb": "http://i4.peapod.com/c/KK/KKNHZ.gif", "price": "400", "unit_price": "$.22/ ea", "name": "U by Kotex Click Tampons Plastic Super Plus Unscented", "cnid": "1234", "productId": "159063", "size": "18 ct box"},
{"thumb": "http://i4.peapod.com/c/KK/KKNHZ.gif", "price": "400", "unit_price": "$.22/ ea", "name": "U by Kotex Click Tampons Plastic Super Unscented", "cnid": "1234", "productId": "156784", "size": "18 ct box"},
{"thumb": "http://i4.peapod.com/c/KK/KKNHZ.gif", "price": "400", "unit_price": "$.22/ ea", "name": "U by Kotex Click Tampons Regular Unscented", "cnid": "1234", "productId": "156783", "size": "18 ct box"},
{"thumb": "http://i4.peapod.com/c/KK/KKNHZ.gif", "price": "400", "unit_price": "$.08/ ea", "name": "U by Kotex Curves Liners Regular", "cnid": "1234", "productId": "156786", "size": "50 ct box"},
{"thumb": "http://i4.peapod.com/c/KK/KKNHZ.gif", "price": "400", "unit_price": "$.25/ ea", "name": "U by Kotex Tween Pads with Wings", "cnid": "1234", "productId": "174580", "size": "16 ct box"},
{"thumb": "http://i4.peapod.com/c/KK/KKNHZ.gif", "price": "1049", "unit_price": "$1.05/ oz", "name": "Alcon Opti-Free RepleniSH Multi-Purpose Disinfecting Solution", "cnid": "1227", "productId": "149500", "size": "10 oz btl"},
{"thumb": "http://i4.peapod.com/c/KK/KKNHZ.gif", "price": "1799", "unit_price": "$.90/ oz", "name": "Alcon Opti-Free RepleniSH Multi-Purpose Disinfecting Solution - 2 pk", "cnid": "1227", "productId": "148660", "size": "20 oz pkg"},
{"thumb": "http://i4.peapod.com/c/KK/KKNHZ.gif", "price": "899", "unit_price": "$89.90/ oz", "name": "Alcon Opti-Free Supra Clens Daily Protein Remover", "cnid": "1227", "productId": "74353", "size": ".1 oz btl"},
{"thumb": "http://i4.peapod.com/c/KK/KKNHZ.gif", "price": "1599", "unit_price": "$.67/ oz", "name": "Bausch + Lomb ReNu No Rub Multi-Purpose Solution - 2 pk", "cnid": "1227", "productId": "163941", "size": "12 oz btl"},
{"thumb": "http://i4.peapod.com/c/KK/KKNHZ.gif", "price": "899", "unit_price": "$.75/ oz", "name": "Bausch + Lomb ReNu No Rub Multi-Purpose Solution Fresh", "cnid": "1227", "productId": "88663", "size": "12 oz btl"},
{"thumb": "http://i4.peapod.com/c/KK/KKNHZ.gif", "price": "429", "unit_price": "$.36/ oz", "name": "Bausch + Lomb Sensitive Eyes Plus Saline Solution for Soft Contact Lenses", "cnid": "1227", "productId": "44310", "size": "12 oz btl"},
{"thumb": "http://i4.peapod.com/c/KK/KKNHZ.gif", "price": "999", "unit_price": "$.83/ oz", "name": "Ciba Clear Care Solution Cleaning & Disinfecting for Soft or RGP Lenses", "cnid": "1227", "productId": "160649", "size": "12 oz btl"},
{"thumb": "http://i4.peapod.com/c/KK/KKNHZ.gif", "price": "469", "unit_price": "$9.38/ oz", "name": "Visine A.C. Astringent Redness Reliever Eye Drops", "cnid": "1227", "productId": "54200", "size": ".5 oz btl"},
{"thumb": "http://i4.peapod.com/c/KK/KKNHZ.gif", "price": "469", "unit_price": "$9.38/ oz", "name": "Visine Eye Drops Original", "cnid": "1227", "productId": "9064", "size": ".5 oz btl"},
{"thumb": "http://i4.peapod.com/c/KK/KKNHZ.gif", "price": "469", "unit_price": "$9.38/ oz", "name": "Visine For Contacts Lubricating & Rewetting Drops", "cnid": "1227", "productId": "121109", "size": ".5 oz btl"},
{"thumb": "http://i4.peapod.com/c/KK/KKNHZ.gif", "price": "299", "unit_price": "$1.11/ oz", "name": "Arrid XX Antiperspirant Deodorant Regular Solid", "cnid": "1221", "productId": "41608", "size": "2.7 oz pkg"},
{"thumb": "http://i4.peapod.com/c/KK/KKNHZ.gif", "price": "519", "unit_price": "$.87/ oz", "name": "Arrid XX Ultra Clear Antiperspirant Deodorant Ultra Fresh Spray", "cnid": "1221", "productId": "76047", "size": "6 oz can"},
{"thumb": "http://i4.peapod.com/c/KK/KKNHZ.gif", "price": "485", "unit_price": "$1.21/ oz", "name": "AXE Deodorant Body Spray Dark Temptation", "cnid": "1221", "productId": "153963", "size": "4 oz can"},
{"thumb": "http://i4.peapod.com/c/KK/KKNHZ.gif", "price": "485", "unit_price": "$1.21/ oz", "name": "AXE Deodorant Body Spray Essence", "cnid": "1221", "productId": "137421", "size": "4 oz can"},
{"thumb": "http://i4.peapod.com/c/KK/KKNHZ.gif", "price": "485", "unit_price": "$1.21/ oz", "name": "AXE Deodorant Body Spray Kilo", "cnid": "1221", "productId": "130655", "size": "4 oz can"},
{"thumb": "http://i4.peapod.com/c/KK/KKNHZ.gif", "price": "485", "unit_price": "$1.21/ oz", "name": "AXE Deodorant Body Spray Phoenix", "cnid": "1221", "productId": "130661", "size": "4 oz can"},
{"thumb": "http://i4.peapod.com/c/KK/KKNHZ.gif", "price": "485", "unit_price": "$1.21/ oz", "name": "AXE Deodorant Body Spray Twist", "cnid": "1221", "productId": "160456", "size": "4 oz can"},
{"thumb": "http://i4.peapod.com/c/KK/KKNHZ.gif", "price": "429", "unit_price": "$1.59/ oz", "name": "AXE Dry Antiperspirant Deodorant Phoenix Invisible Solid", "cnid": "1221", "productId": "137417", "size": "2.7 oz pkg"},
{"thumb": "http://i4.peapod.com/c/KK/KKNHZ.gif", "price": "429", "unit_price": "$1.59/ oz", "name": "AXE Dry Antiperspirant Deodorant Twist Invisible Solid", "cnid": "1221", "productId": "160457", "size": "2.7 oz pkg"},
{"thumb": "http://i4.peapod.com/c/KK/KKNHZ.gif", "price": "485", "unit_price": "$1.21/ oz", "name": "AXE for Her Deodorant Body Spray Anarchy Limited Edition", "cnid": "1221", "productId": "186760", "size": "4 oz can"},
{"thumb": "http://i4.peapod.com/c/KK/KKNHZ.gif", "price": "250", "unit_price": "$.96/ oz", "name": "Ban Antiperspirant Deodorant Shower Fresh Invisible Solid", "cnid": "1221", "productId": "141759", "size": "2.6 oz pkg"},
{"thumb": "http://i4.peapod.com/c/KK/KKNHZ.gif", "price": "499", "unit_price": "$1.43/ oz", "name": "Ban Classic Antiperspirant Deodorant Powder Fresh Roll-On", "cnid": "1221", "productId": "130672", "size": "3.5 oz pkg"},
{"thumb": "http://i4.peapod.com/c/KK/KKNHZ.gif", "price": "499", "unit_price": "$1.43/ oz", "name": "Ban Classic Antiperspirant Deodorant Unscented Wide Roll-On", "cnid": "1221", "productId": "46823", "size": "3.5 oz pkg"},
{"thumb": "http://i4.peapod.com/c/KK/KKNHZ.gif", "price": "399", "unit_price": "$1.48/ oz", "name": "Degree Men Adrenaline Antiperspirant Deodorant Adventure Invisible Solid", "cnid": "1221", "productId": "160462", "size": "2.7 oz pkg"},
{"thumb": "http://i4.peapod.com/c/KK/KKNHZ.gif", "price": "399", "unit_price": "$1.48/ oz", "name": "Degree Men Adrenaline Antiperspirant Deodorant Sport Defense Invisible", "cnid": "1221", "productId": "160559", "size": "2.7 oz pkg"},
{"thumb": "http://i4.peapod.com/c/KK/KKNHZ.gif", "price": "349", "unit_price": "$1.29/ oz", "name": "Degree Men Dry Protection Antiperspirant Deodorant Cool Rush Solid", "cnid": "1221", "productId": "148666", "size": "2.7 oz pkg"},
{"thumb": "http://i4.peapod.com/c/KK/KKNHZ.gif", "price": "349", "unit_price": "$1.29/ oz", "name": "Degree Men Dry Protection Antiperspirant Deodorant Sport Solid", "cnid": "1221", "productId": "149337", "size": "2.7 oz pkg"},
{"thumb": "http://i4.peapod.com/c/KK/KKNHZ.gif", "price": "349", "unit_price": "$1.34/ oz", "name": "Degree Women Antiperspirant Deodorant Shower Clean Invisible Solid", "cnid": "1221", "productId": "102331", "size": "2.6 oz pkg"},
{"thumb": "http://i4.peapod.com/c/KK/KKNHZ.gif", "price": "899", "unit_price": "$5.29/ oz", "name": "Degree Women Clinical Protection Antiperspirant Deodorant Active Clean", "cnid": "1221", "productId": "148514", "size": "1.7 oz pkg"},
{"thumb": "http://i4.peapod.com/c/KK/KKNHZ.gif", "price": "399", "unit_price": "$1.53/ oz", "name": "Dove 24 Hour ClearTone Skin Renew Antiperspirant Deodorant Solid", "cnid": "1221", "productId": "186751", "size": "2.6 oz pkg"},
{"thumb": "http://i4.peapod.com/c/KK/KKNHZ.gif", "price": "329", "unit_price": "$1.26/ oz", "name": "Dove Antiperspirant Deodorant Fresh Invisible Solid", "cnid": "1221", "productId": "125522", "size": "2.6 oz pkg"},
{"thumb": "http://i4.peapod.com/c/KK/KKNHZ.gif", "price": "329", "unit_price": "$1.26/ oz", "name": "Dove Antiperspirant Deodorant Powder Invisible Solid", "cnid": "1221", "productId": "121104", "size": "2.6 oz pkg"},
{"thumb": "http://i4.peapod.com/c/KK/KKNHZ.gif", "price": "329", "unit_price": "$1.26/ oz", "name": "Dove Antiperspirant Deodorant Sensitive Skin Unscented Invisible Solid", "cnid": "1221", "productId": "121102", "size": "2.6 oz pkg"},
{"thumb": "http://i4.peapod.com/c/KK/KKNHZ.gif", "price": "899", "unit_price": "$5.29/ oz", "name": "Dove Clinical Protection Antiperspirant Deodorant Cucumber & Green Tea", "cnid": "1221", "productId": "151339", "size": "1.7 oz pkg"},
{"thumb": "http://i4.peapod.com/c/KK/KKNHZ.gif", "price": "399", "unit_price": "$1.53/ oz", "name": "Dove Ultimate Go Fresh Antiperspirant Deodorant Cucumber & Green Tea Scent", "cnid": "1221", "productId": "141696", "size": "2.6 oz pkg"},
{"thumb": "http://i4.peapod.com/c/KK/KKNHZ.gif", "price": "399", "unit_price": "$1.53/ oz", "name": "Dove Ultimate Go Fresh Revive Antiperspirant Deodorant Pomegranate & Lemon", "cnid": "1221", "productId": "160473", "size": "2.6 oz pkg"},
{"thumb": "http://i4.peapod.com/c/KK/KKNHZ.gif", "price": "399", "unit_price": "$1.00/ oz", "name": "Gillette Clear Gel Antiperspirant Deodorant Cool Wave", "cnid": "1221", "productId": "110323", "size": "4 oz pkg"},
{"thumb": "http://i4.peapod.com/c/KK/KKNHZ.gif", "price": "899", "unit_price": "$1.12/ oz", "name": "Gillette Clear Gel Antiperspirant Deodorant Fast Drying Cool Wave - 2 pk", "cnid": "1221", "productId": "163937", "size": "4 oz pkg"},
{"thumb": "http://i4.peapod.com/c/KK/KKNHZ.gif", "price": "399", "unit_price": "$1.00/ oz", "name": "Gillette Clear Gel Antiperspirant Deodorant Power Rush", "cnid": "1221", "productId": "163939", "size": "4 oz pkg"},
{"thumb": "http://i4.peapod.com/c/KK/KKNHZ.gif", "price": "849", "unit_price": "$4.99/ oz", "name": "Gillette Men Clinical Strength Antiperspirant Deodorant All Day Fresh", "cnid": "1221", "productId": "163938", "size": "1.7 oz pkg"},
{"thumb": "http://i4.peapod.com/c/KK/KKNHZ.gif", "price": "379", "unit_price": "$1.68/ oz", "name": "Mitchum Power Gel Antiperspirant Deodorant Unscented", "cnid": "1221", "productId": "48165", "size": "2.25 oz pkg"},
{"thumb": "http://i4.peapod.com/c/KK/KKNHZ.gif", "price": "299", "unit_price": "$.92/ oz", "name": "Old Spice Classic Deodorant Original Solid", "cnid": "1221", "productId": "476", "size": "3.25 oz pkg"},
{"thumb": "http://i4.peapod.com/c/KK/KKNHZ.gif", "price": "250", "unit_price": "$.93/ oz", "name": "Secret Antiperspirant Deodorant Powder Fresh Solid", "cnid": "1221", "productId": "3732", "size": "2.7 oz pkg"},
{"thumb": "http://i4.peapod.com/c/KK/KKNHZ.gif", "price": "399", "unit_price": "$.67/ oz", "name": "Secret Antiperspirant Deodorant Powder Fresh Spray", "cnid": "1221", "productId": "28098", "size": "6 oz can"},
{"thumb": "http://i4.peapod.com/c/KK/KKNHZ.gif", "price": "250", "unit_price": "$.93/ oz", "name": "Secret Antiperspirant Deodorant Shower Fresh Wide Solid", "cnid": "1221", "productId": "28100", "size": "2.7 oz pkg"},
{"thumb": "http://i4.peapod.com/c/KK/KKNHZ.gif", "price": "849", "unit_price": "$5.31/ oz", "name": "Secret Clinical Strength Antiperspirant Deodorant Light & Fresh Scent", "cnid": "1221", "productId": "149364", "size": "1.6 oz pkg"},
{"thumb": "http://i4.peapod.com/c/KK/KKNHZ.gif", "price": "849", "unit_price": "$5.31/ oz", "name": "Secret Clinical Strength Antiperspirant Deodorant Powder Protection Scent", "cnid": "1221", "productId": "149365", "size": "1.6 oz pkg"},
{"thumb": "http://i4.peapod.com/c/KK/KKNHZ.gif", "price": "849", "unit_price": "$5.31/ oz", "name": "Secret Clinical Strength Antiperspirant Deodorant Waterproof All-Day Fresh", "cnid": "1221", "productId": "163936", "size": "1.6 oz pkg"},
{"thumb": "http://i4.peapod.com/c/KK/KKNHZ.gif", "price": "399", "unit_price": "$1.48/ oz", "name": "Secret Scent Expressions Antiperspirant Deodorant Lavender Clear Gel", "cnid": "1221", "productId": "161196", "size": "2.7 oz pkg"},
{"thumb": "http://i4.peapod.com/c/KK/KKNHZ.gif", "price": "250", "unit_price": "$.96/ oz", "name": "Secret Sheer Dry Antiperspirant Deodorant Powder Fresh Solid", "cnid": "1221", "productId": "89834", "size": "2.6 oz pkg"},
{"thumb": "http://i4.peapod.com/c/KK/KKNHZ.gif", "price": "250", "unit_price": "$.96/ oz", "name": "Secret Sheer Dry Antiperspirant Deodorant Shower Fresh Solid", "cnid": "1221", "productId": "94994", "size": "2.6 oz pkg"},
{"thumb": "http://i4.peapod.com/c/KK/KKNHZ.gif", "price": "299", "unit_price": "$1.00/ oz", "name": "Speed Stick by Mennen Antiperspirant Deodorant Aqua Sport Gel", "cnid": "1221", "productId": "50221", "size": "3 oz pkg"},
{"thumb": "http://i4.peapod.com/c/KK/KKNHZ.gif", "price": "299", "unit_price": "$1.00/ oz", "name": "Speed Stick by Mennen Antiperspirant Deodorant Fresh Scent Solid", "cnid": "1221", "productId": "92586", "size": "3 oz pkg"},
{"thumb": "http://i4.peapod.com/c/KK/KKNHZ.gif", "price": "299", "unit_price": "$1.00/ oz", "name": "Speed Stick by Mennen Antiperspirant Deodorant Unscented Solid", "cnid": "1221", "productId": "1988", "size": "3 oz pkg"},
{"thumb": "http://i4.peapod.com/c/KK/KKNHZ.gif", "price": "299", "unit_price": "$1.00/ oz", "name": "Speed Stick by Mennen Deodorant Active Fresh Solid", "cnid": "1221", "productId": "160142", "size": "3 oz pkg"},
{"thumb": "http://i4.peapod.com/c/KK/KKNHZ.gif", "price": "299", "unit_price": "$.92/ oz", "name": "Speed Stick by Mennen Deodorant Regular Solid", "cnid": "1221", "productId": "40274", "size": "3.25 oz pkg"},
{"thumb": "http://i4.peapod.com/c/KK/KKNHZ.gif", "price": "429", "unit_price": "$.71/ oz", "name": "Sure Antiperspirant Deodorant Regular Scent Aerosol Spray", "cnid": "1221", "productId": "25965", "size": "6 oz can"},
{"thumb": "http://i4.peapod.com/c/KK/KKNHZ.gif", "price": "299", "unit_price": "$1.11/ oz", "name": "Sure Antiperspirant Deodorant Regular Wide Solid", "cnid": "1221", "productId": "3739", "size": "2.7 oz pkg"},
{"thumb": "http://i4.peapod.com/c/KK/KKNHZ.gif", "price": "429", "unit_price": "$.71/ oz", "name": "Sure Antiperspirant Deodorant Unscented Aerosol Spray", "cnid": "1221", "productId": "3510", "size": "6 oz pkg"},
{"thumb": "http://i4.peapod.com/c/KK/KKNHZ.gif", "price": "169", "unit_price": "$.01/ ea", "name": "CareOne Cotton Balls", "cnid": "1220", "productId": "125733", "size": "300 ct bag"},
{"thumb": "http://i4.peapod.com/c/KK/KKNHZ.gif", "price": "299", "unit_price": "$.02/ ea", "name": "CareOne Cotton Balls Sterile", "cnid": "1220", "productId": "58334", "size": "130 ct box"},
{"thumb": "http://i4.peapod.com/c/KK/KKNHZ.gif", "price": "199", "unit_price": "$.03/ ea", "name": "CareOne Cotton Rounds", "cnid": "1220", "productId": "149906", "size": "80 ct pkg"},
{"thumb": "http://i4.peapod.com/c/KK/KKNHZ.gif", "price": "299", "unit_price": "$.02/ ea", "name": "CareOne Cotton Squares Quilted", "cnid": "1220", "productId": "58338", "size": "160 ct bag"},
{"thumb": "http://i4.peapod.com/c/KK/KKNHZ.gif", "price": "200", "unit_price": "$.00/ ea", "name": "CareOne Cotton Swabs", "cnid": "1220", "productId": "136081", "size": "375 ct pkg"},
{"thumb": "http://i4.peapod.com/c/KK/KKNHZ.gif", "price": "300", "unit_price": "$.01/ ea", "name": "Q-tips Cotton Swabs", "cnid": "1220", "productId": "46027", "size": "500 ct pkg"},
{"thumb": "http://i4.peapod.com/c/KK/KKNHZ.gif", "price": "300", "unit_price": "$.01/ ea", "name": "Q-tips Cotton Swabs Antibacterial", "cnid": "1220", "productId": "102322", "size": "300 ct pkg"},
{"thumb": "http://i4.peapod.com/c/KK/KKNHZ.gif", "price": "249", "unit_price": "$.08/ ea", "name": "CareOne Cosmetic Wedges", "cnid": "1208", "productId": "58335", "size": "32 ct pkg"},
{"thumb": "http://i4.peapod.com/c/KK/KKNHZ.gif", "price": "499", "unit_price": "$11.60/ oz", "name": "Maybelline Great Lash Mascara Washable Very Black 101", "cnid": "1208", "productId": "28663", "size": ".43 oz pkg"},
{"thumb": "http://i4.peapod.com/c/KK/KKNHZ.gif", "price": "649", "unit_price": "$.26/ ea", "name": "Neutrogena Makeup Remover Cleansing Towelettes Refill Pack", "cnid": "1208", "productId": "149488", "size": "25 ct pkg"},
{"thumb": "http://i4.peapod.com/c/KK/KKNHZ.gif", "price": "599", "unit_price": "$11.98/ oz", "name": "Afrin Nasal Spray 12-Hour Relief Original", "cnid": "1202", "productId": "10234", "size": ".5 oz btl"},
{"thumb": "http://i4.peapod.com/c/KK/KKNHZ.gif", "price": "599", "unit_price": "$11.98/ oz", "name": "Afrin Nasal Spray 12 Hour Relief Sinus", "cnid": "1202", "productId": "40810", "size": ".5 oz btl"},
{"thumb": "http://i4.peapod.com/c/KK/KKNHZ.gif", "price": "669", "unit_price": "$13.38/ oz", "name": "Afrin NoDrip Nasal Pump Mist 12-Hour Relief Extra Moisturizing", "cnid": "1202", "productId": "50453", "size": ".5 oz btl"},
{"thumb": "http://i4.peapod.com/c/KK/KKNHZ.gif", "price": "669", "unit_price": "$13.38/ oz", "name": "Afrin NoDrip Pump Mist 12-Hour Relief Maximum Strength Severe Congestion", "cnid": "1202", "productId": "160644", "size": ".5 oz btl"},
{"thumb": "http://i4.peapod.com/c/KK/KKNHZ.gif", "price": "649", "unit_price": "$.32/ ea", "name": "Alka-Seltzer Plus Cold & Cough Formula Liquid Gels", "cnid": "1202", "productId": "168172", "size": "20 ct box"},
{"thumb": "http://i4.peapod.com/c/KK/KKNHZ.gif", "price": "579", "unit_price": "$.29/ ea", "name": "Alka-Seltzer Plus Cold Formula Orange Zest Effervescent Tablets", "cnid": "1202", "productId": "47485", "size": "20 ct box"},
{"thumb": "http://i4.peapod.com/c/KK/KKNHZ.gif", "price": "1799", "unit_price": "$.60/ ea", "name": "Allegra Allergy Relief 24 Hour Tablets", "cnid": "1202", "productId": "163933", "size": "30 ct box"},
{"thumb": "http://i4.peapod.com/c/KK/KKNHZ.gif", "price": "999", "unit_price": "$2.35/ oz", "name": "Arm & Hammer Simply Saline Nasal Relief Sterile Saline Mist Giant Size", "cnid": "1202", "productId": "152800", "size": "4.25 oz can"},
{"thumb": "http://i4.peapod.com/c/KK/KKNHZ.gif", "price": "479", "unit_price": "$9.58/ oz", "name": "Ayr Saline Nasal Gel with Soothing Aloe", "cnid": "1202", "productId": "174621", "size": ".5 oz pkg"},
{"thumb": "http://i4.peapod.com/c/KK/KKNHZ.gif", "price": "549", "unit_price": "$.55/ ea", "name": "Breathe Right Advanced Nasal Strips Clear", "cnid": "1202", "productId": "160915", "size": "10 ct box"},
{"thumb": "http://i4.peapod.com/c/KK/KKNHZ.gif", "price": "1299", "unit_price": "$.50/ ea", "name": "Breathe Right Advanced Nasal Strips Clear", "cnid": "1202", "productId": "159929", "size": "26 ct box"},
{"thumb": "http://i4.peapod.com/c/KK/KKNHZ.gif", "price": "1299", "unit_price": "$.43/ ea", "name": "Breathe Right Nasal Strips Small to Medium Clear", "cnid": "1202", "productId": "149335", "size": "30 ct box"},
{"thumb": "http://i4.peapod.com/c/KK/KKNHZ.gif", "price": "150", "unit_price": "$.08/ ea", "name": "Burt's Bees Throat Drops Honey & Lemon 100% Natural", "cnid": "1202", "productId": "177927", "size": "20 ct bag"},
{"thumb": "http://i4.peapod.com/c/KK/KKNHZ.gif", "price": "599", "unit_price": "$.60/ ea", "name": "CareOne 24 Hour Allergy Relief Loratadine 10 mg Tablets", "cnid": "1202", "productId": "139397", "size": "10 ct box"},
{"thumb": "http://i4.peapod.com/c/KK/KKNHZ.gif", "price": "399", "unit_price": "$.17/ ea", "name": "CareOne Allergy Medication Easy to Swallow Capsules", "cnid": "1202", "productId": "168202", "size": "24 ct pkg"},
{"thumb": "http://i4.peapod.com/c/KK/KKNHZ.gif", "price": "399", "unit_price": "$.17/ ea", "name": "CareOne Allergy Medication Tablets", "cnid": "1202", "productId": "119439", "size": "24 ct box"},
{"thumb": "http://i4.peapod.com/c/KK/KKNHZ.gif", "price": "119", "unit_price": "$.04/ ea", "name": "CareOne Cough Drops Honey Lemon", "cnid": "1202", "productId": "145037", "size": "30 ct bag"},
{"thumb": "http://i4.peapod.com/c/KK/KKNHZ.gif", "price": "299", "unit_price": "$.30/ oz", "name": "CareOne PE Nighttime Cold & Flu Original Liquid", "cnid": "1202", "productId": "151105", "size": "10 oz btl"},
{"thumb": "http://i4.peapod.com/c/KK/KKNHZ.gif", "price": "279", "unit_price": "$1.86/ oz", "name": "CareOne Saline Nasal Spray", "cnid": "1202", "productId": "124253", "size": "1.5 oz btl"},
{"thumb": "http://i4.peapod.com/c/KK/KKNHZ.gif", "price": "669", "unit_price": "$.84/ oz", "name": "CareOne Tussin DM Cough Formula", "cnid": "1202", "productId": "120963", "size": "8 oz btl"},
{"thumb": "http://i4.peapod.com/c/KK/KKNHZ.gif", "price": "369", "unit_price": "$.23/ ea", "name": "Cepacol Sore Throat Lozenges Maximum Numbing Cherry Sugar Free", "cnid": "1202", "productId": "29798", "size": "16 ct pkg"},
{"thumb": "http://i4.peapod.com/c/KK/KKNHZ.gif", "price": "369", "unit_price": "$.23/ ea", "name": "Cepacol Sore Throat Lozenges Maximum Strength Numbing Honey Lemon", "cnid": "1202", "productId": "127521", "size": "16 ct pkg"},
{"thumb": "http://i4.peapod.com/c/KK/KKNHZ.gif", "price": "999", "unit_price": "$1.00/ ea", "name": "Claritin Allergy 12 Hour RediTabs Non Drowsy", "cnid": "1202", "productId": "160905", "size": "10 ct box"},
{"thumb": "http://i4.peapod.com/c/KK/KKNHZ.gif", "price": "2149", "unit_price": "$.89/ ea", "name": "Claritin Allergy 24 Hour Liqui-Gels Non Drowsy", "cnid": "1202", "productId": "153983", "size": "24 ct box"},
{"thumb": "http://i4.peapod.com/c/KK/KKNHZ.gif", "price": "1899", "unit_price": "$.63/ ea", "name": "Claritin Allergy 24 Hour RediTabs Non Drowsy", "cnid": "1202", "productId": "147917", "size": "30 ct box"},
{"thumb": "http://i4.peapod.com/c/KK/KKNHZ.gif", "price": "1069", "unit_price": "$1.07/ ea", "name": "Claritin Allergy 24 Hour RediTabs Non Drowsy", "cnid": "1202", "productId": "129681", "size": "10 ct box"},
{"thumb": "http://i4.peapod.com/c/KK/KKNHZ.gif", "price": "1899", "unit_price": "$.63/ ea", "name": "Claritin Allergy 24 Hour Tablets Non Drowsy", "cnid": "1202", "productId": "137821", "size": "30 ct box"},
{"thumb": "http://i4.peapod.com/c/KK/KKNHZ.gif", "price": "1069", "unit_price": "$1.07/ ea", "name": "Claritin Allergy 24 Hour Tablets Non Drowsy", "cnid": "1202", "productId": "129677", "size": "10 ct box"},
{"thumb": "http://i4.peapod.com/c/KK/KKNHZ.gif", "price": "2099", "unit_price": "$1.05/ ea", "name": "Claritin Allergy 24 Hour Tablets Non Drowsy", "cnid": "1202", "productId": "129678", "size": "20 ct box"},
{"thumb": "http://i4.peapod.com/c/KK/KKNHZ.gif", "price": "999", "unit_price": "$1.00/ ea", "name": "Claritin Children's Allergy 12 Hour RediTabs Non Drowsy", "cnid": "1202", "productId": "160904", "size": "10 ct box"},
{"thumb": "http://i4.peapod.com/c/KK/KKNHZ.gif", "price": "1949", "unit_price": "$.98/ ea", "name": "Claritin Children's Allergy 24 Hour Grape Flavored Chewables Non Drowsy", "cnid": "1202", "productId": "152198", "size": "20 ct box"},
{"thumb": "http://i4.peapod.com/c/KK/KKNHZ.gif", "price": "1199", "unit_price": "$1.20/ ea", "name": "Claritin Children's Allergy 24 Hour Grape Flavored Chewables Non Drowsy", "cnid": "1202", "productId": "146053", "size": "10 ct box"},
{"thumb": "http://i4.peapod.com/c/KK/KKNHZ.gif", "price": "1199", "unit_price": "$1.20/ ea", "name": "Claritin Children's Allergy 24 Hour RediTabs Non Drowsy", "cnid": "1202", "productId": "145550", "size": "10 ct box"},
{"thumb": "http://i4.peapod.com/c/KK/KKNHZ.gif", "price": "1199", "unit_price": "$3.00/ oz", "name": "Claritin Children's Allergy 24 Hour Syrup Grape Flavored Non Drowsy", "cnid": "1202", "productId": "146052", "size": "4 oz btl"},
{"thumb": "http://i4.peapod.com/c/KK/KKNHZ.gif", "price": "599", "unit_price": "$.33/ ea", "name": "Cold-Eeze Homeopathic Cold Remedy Lozenges Cherry Flavor", "cnid": "1202", "productId": "67875", "size": "18 ct pkg"},
{"thumb": "http://i4.peapod.com/c/KK/KKNHZ.gif", "price": "629", "unit_price": "$.31/ ea", "name": "Coricidin HBP Chest Congestion & Cough Relief Liqui-Gels Softgels", "cnid": "1202", "productId": "148986", "size": "20 ct box"},
{"thumb": "http://i4.peapod.com/c/KK/KKNHZ.gif", "price": "629", "unit_price": "$.31/ ea", "name": "Coricidin HBP Maximum Strength Flu Tablets", "cnid": "1202", "productId": "152930", "size": "20 ct pkg"},
{"thumb": "http://i4.peapod.com/c/KK/KKNHZ.gif", "price": "899", "unit_price": "$3.00/ oz", "name": "Delsym Cough Suppressant 12 Hour Relief Extended Release Grape", "cnid": "1202", "productId": "149340", "size": "3 oz btl"},
{"thumb": "http://i4.peapod.com/c/KK/KKNHZ.gif", "price": "899", "unit_price": "$3.00/ oz", "name": "Delsym Cough Suppressant 12 Hour Relief Extended Release Orange", "cnid": "1202", "productId": "47464", "size": "3 oz btl"},
{"thumb": "http://i4.peapod.com/c/KK/KKNHZ.gif", "price": "599", "unit_price": "$1.50/ oz", "name": "Dimetapp Children's Cold & Allergy Elixir Alcohol Free Grape Flavor", "cnid": "1202", "productId": "125755", "size": "4 oz btl"},
{"thumb": "http://i4.peapod.com/c/KK/KKNHZ.gif", "price": "189", "unit_price": "$.08/ ea", "name": "Halls Breezers Throat Drops Cool Berry", "cnid": "1202", "productId": "130351", "size": "25 ct bag"},
{"thumb": "http://i4.peapod.com/c/KK/KKNHZ.gif", "price": "189", "unit_price": "$.08/ ea", "name": "Halls Cough Drops Black Cherry Flavor Sugar Free", "cnid": "1202", "productId": "34768", "size": "25 ct bag"},
{"thumb": "http://i4.peapod.com/c/KK/KKNHZ.gif", "price": "159", "unit_price": "$.05/ ea", "name": "Halls Cough Drops Menthol Honey Lemon", "cnid": "1202", "productId": "10418", "size": "30 ct bag"},
{"thumb": "http://i4.peapod.com/c/KK/KKNHZ.gif", "price": "159", "unit_price": "$.05/ ea", "name": "Halls Cough Drops Mentholyptus", "cnid": "1202", "productId": "10421", "size": "30 ct bag"},
{"thumb": "http://i4.peapod.com/c/KK/KKNHZ.gif", "price": "159", "unit_price": "$.05/ ea", "name": "Halls Cough Drops Mentholyptus Cherry", "cnid": "1202", "productId": "10417", "size": "30 ct bag"},
{"thumb": "http://i4.peapod.com/c/KK/KKNHZ.gif", "price": "189", "unit_price": "$.08/ ea", "name": "Halls Cough Drops Mentholyptus Mountain Menthol Sugar Free", "cnid": "1202", "productId": "34767", "size": "25 ct bag"},
{"thumb": "http://i4.peapod.com/c/KK/KKNHZ.gif", "price": "100", "unit_price": "$.03/ ea", "name": "Luden's Throat Drops Honey Licorice", "cnid": "1202", "productId": "147825", "size": "30 ct bag"},
{"thumb": "http://i4.peapod.com/c/KK/KKNHZ.gif", "price": "100", "unit_price": "$.03/ ea", "name": "Luden's Throat Drops Wild Cherry", "cnid": "1202", "productId": "38520", "size": "30 ct bag"},
{"thumb": "http://i4.peapod.com/c/KK/KKNHZ.gif", "price": "1129", "unit_price": "$.56/ ea", "name": "Mucinex Chest Congestion 12 Hour Extended Release Tablets", "cnid": "1202", "productId": "139370", "size": "20 ct box"},
{"thumb": "http://i4.peapod.com/c/KK/KKNHZ.gif", "price": "2299", "unit_price": "$.82/ ea", "name": "Mucinex Chest Congestion 12 Hour Maximum Strength Extended Release Tablets", "cnid": "1202", "productId": "163769", "size": "28 ct box"},
{"thumb": "http://i4.peapod.com/c/KK/KKNHZ.gif", "price": "999", "unit_price": "$2.50/ oz", "name": "Mucinex Children's Cough Suppressant Cherry Flavor Liquid", "cnid": "1202", "productId": "148115", "size": "4 oz pkg"},
{"thumb": "http://i4.peapod.com/c/KK/KKNHZ.gif", "price": "899", "unit_price": "$.75/ ea", "name": "Mucinex Children's Cough Suppressant Orange Creme Flavor Mini-Melts", "cnid": "1202", "productId": "154126", "size": "12 ct box"},
{"thumb": "http://i4.peapod.com/c/KK/KKNHZ.gif", "price": "1399", "unit_price": "$1.00/ ea", "name": "Mucinex DM Chest Congestion 12 Hour Maximum Strength Tablets", "cnid": "1202", "productId": "156938", "size": "14 ct box"},
{"thumb": "http://i4.peapod.com/c/KK/KKNHZ.gif", "price": "2299", "unit_price": "$.57/ ea", "name": "Mucinex DM Cough & Chest Congestion 12 Hour Maximum Strength Tablets", "cnid": "1202", "productId": "162779", "size": "40 ct box"},
{"thumb": "http://i4.peapod.com/c/KK/KKNHZ.gif", "price": "1499", "unit_price": "$1.07/ ea", "name": "Mucinex DM Cough & Chest Congestion 12 Hour Maximum Strength Tablets", "cnid": "1202", "productId": "149357", "size": "14 ct box"},
{"thumb": "http://i4.peapod.com/c/KK/KKNHZ.gif", "price": "1399", "unit_price": "$.70/ ea", "name": "Mucinex DM Expectorant/Cough Suppressant 12 Hour Extended Release Tablets", "cnid": "1202", "productId": "139618", "size": "20 ct box"},
{"thumb": "http://i4.peapod.com/c/KK/KKNHZ.gif", "price": "899", "unit_price": "$1.50/ oz", "name": "Mucinex Fast-Max Cold, Flu & Sore Throat Maximum Strength Liquid", "cnid": "1202", "productId": "170546", "size": "6 oz btl"},
{"thumb": "http://i4.peapod.com/c/KK/KKNHZ.gif", "price": "899", "unit_price": "$1.50/ oz", "name": "Mucinex Fast-Max Cold & Sinus Multi Symptom Maximum Strength Liquid", "cnid": "1202", "productId": "170547", "size": "6 oz btl"},
{"thumb": "http://i4.peapod.com/c/KK/KKNHZ.gif", "price": "899", "unit_price": "$1.50/ oz", "name": "Mucinex Fast-Max Severe Congestion & Cough Maximum Strength Liquid", "cnid": "1202", "productId": "170545", "size": "6 oz btl"},
{"thumb": "http://i4.peapod.com/c/KK/KKNHZ.gif", "price": "599", "unit_price": "$11.98/ oz", "name": "Neo-Synephrine Nasal Decongestant Regular Strength Non Drowsy Spray", "cnid": "1202", "productId": "38662", "size": ".5 oz btl"},
{"thumb": "http://i4.peapod.com/c/KK/KKNHZ.gif", "price": "150", "unit_price": "$.07/ ea", "name": "Ricola Cough Drops Original Natural Herb", "cnid": "1202", "productId": "21900", "size": "21 ct pkg"},
{"thumb": "http://i4.peapod.com/c/KK/KKNHZ.gif", "price": "150", "unit_price": "$.06/ ea", "name": "Ricola Herb Throat Drops Lemon Mint Natural", "cnid": "1202", "productId": "163934", "size": "24 ct bag"},
{"thumb": "http://i4.peapod.com/c/KK/KKNHZ.gif", "price": "150", "unit_price": "$.08/ ea", "name": "Ricola Throat Drops Lemon Mint Sugar Free", "cnid": "1202", "productId": "149362", "size": "19 ct bag"},
{"thumb": "http://i4.peapod.com/c/KK/KKNHZ.gif", "price": "899", "unit_price": "$1.12/ oz", "name": "Robitussin Peak Cold Cough+Chest Congestion DM Adult Max Strength Syrup", "cnid": "1202", "productId": "156063", "size": "8 oz btl"},
{"thumb": "http://i4.peapod.com/c/KK/KKNHZ.gif", "price": "699", "unit_price": "$.44/ ea", "name": "Vicks DayQuil Cold & Flu Multi-Symptom Relief LiquiCaps", "cnid": "1202", "productId": "144993", "size": "16 ct box"},
{"thumb": "http://i4.peapod.com/c/KK/KKNHZ.gif", "price": "599", "unit_price": "$.50/ oz", "name": "Vicks DayQuil Cold & Flu Multi-Symptom Relief Liquid", "cnid": "1202", "productId": "142145", "size": "12 oz btl"},
{"thumb": "http://i4.peapod.com/c/KK/KKNHZ.gif", "price": "599", "unit_price": "$.25/ ea", "name": "Vicks DayQuil Cold & Flu Multi-Symptom Relief Non Drowsy LiquiCaps", "cnid": "1202", "productId": "162180", "size": "24 ct box"},
{"thumb": "http://i4.peapod.com/c/KK/KKNHZ.gif", "price": "599", "unit_price": "$.75/ oz", "name": "Vicks Nature Fusion Cold & Flu Nighttime Relief Acetaminophen", "cnid": "1202", "productId": "177898", "size": "8 oz btl"},
{"thumb": "http://i4.peapod.com/c/KK/KKNHZ.gif", "price": "599", "unit_price": "$.75/ oz", "name": "Vicks Nature Fusion Cough & Chest Congestion Expectorant Non Drowsy", "cnid": "1202", "productId": "177897", "size": "8 oz btl"},
{"thumb": "http://i4.peapod.com/c/KK/KKNHZ.gif", "price": "599", "unit_price": "$.75/ oz", "name": "Vicks Nature Fusion Cough Suppressant", "cnid": "1202", "productId": "177896", "size": "8 oz btl"},
{"thumb": "http://i4.peapod.com/c/KK/KKNHZ.gif", "price": "699", "unit_price": "$.87/ oz", "name": "Vicks NyQuil Cold & Flu Nighttime Relief Cherry", "cnid": "1202", "productId": "10475", "size": "8 oz btl"},
{"thumb": "http://i4.peapod.com/c/KK/KKNHZ.gif", "price": "599", "unit_price": "$.25/ ea", "name": "Vicks NyQuil Cold & Flu Nighttime Relief LiquiCaps", "cnid": "1202", "productId": "76510", "size": "24 ct box"},
{"thumb": "http://i4.peapod.com/c/KK/KKNHZ.gif", "price": "599", "unit_price": "$.50/ oz", "name": "Vicks NyQuil Cold & Flu Nighttime Relief Liquid", "cnid": "1202", "productId": "43945", "size": "12 oz btl"},
{"thumb": "http://i4.peapod.com/c/KK/KKNHZ.gif", "price": "699", "unit_price": "$.87/ oz", "name": "Vicks NyQuil Cold & Flu Nighttime Relief Original Flavor", "cnid": "1202", "productId": "10471", "size": "8 oz btl"},
{"thumb": "http://i4.peapod.com/c/KK/KKNHZ.gif", "price": "599", "unit_price": "$.50/ oz", "name": "Vicks NyQuil Cold & Flu Nighttime Relief Vanilla Cherry Swirl Flavor", "cnid": "1202", "productId": "177928", "size": "12 oz btl"},
{"thumb": "http://i4.peapod.com/c/KK/KKNHZ.gif", "price": "1899", "unit_price": "$.76/ ea", "name": "Zyrtec Allergy Relief 24-Hour 10 mg Liquid Gels", "cnid": "1202", "productId": "158580", "size": "25 ct pkg"},
{"thumb": "http://i4.peapod.com/c/KK/KKNHZ.gif", "price": "1399", "unit_price": "$1.00/ ea", "name": "Zyrtec Allergy Relief 24-Hour 10 mg Tablets", "cnid": "1202", "productId": "148617", "size": "14 ct pkg"},
{"thumb": "http://i4.peapod.com/c/KK/KKNHZ.gif", "price": "649", "unit_price": "$1.30/ ea", "name": "Zyrtec Allergy Relief 24-Hour 10 mg Tablets", "cnid": "1202", "productId": "148619", "size": "5 ct box"},
{"thumb": "http://i4.peapod.com/c/KK/KKNHZ.gif", "price": "1899", "unit_price": "$.63/ ea", "name": "Zyrtec Allergy Relief 24-Hour 10 mg Tablets", "cnid": "1202", "productId": "148618", "size": "30 ct pkg"},
{"thumb": "http://i4.peapod.com/c/KK/KKNHZ.gif", "price": "599", "unit_price": "$11.98/ oz", "name": "Afrin Nasal Spray 12-Hour Relief Original", "cnid": "1675202022020262054620", "productId": "10234", "size": ".5 oz btl"},
{"thumb": "http://i4.peapod.com/c/KK/KKNHZ.gif", "price": "599", "unit_price": "$11.98/ oz", "name": "Afrin Nasal Spray 12 Hour Relief Sinus", "cnid": "1675202022020262054620", "productId": "40810", "size": ".5 oz btl"},
{"thumb": "http://i4.peapod.com/c/KK/KKNHZ.gif", "price": "669", "unit_price": "$13.38/ oz", "name": "Afrin NoDrip Nasal Pump Mist 12-Hour Relief Extra Moisturizing", "cnid": "1675202022020262054620", "productId": "50453", "size": ".5 oz btl"},
{"thumb": "http://i4.peapod.com/c/KK/KKNHZ.gif", "price": "669", "unit_price": "$13.38/ oz", "name": "Afrin NoDrip Pump Mist 12-Hour Relief Maximum Strength Severe Congestion", "cnid": "1675202022020262054620", "productId": "160644", "size": ".5 oz btl"},
{"thumb": "http://i4.peapod.com/c/KK/KKNHZ.gif", "price": "649", "unit_price": "$.32/ ea", "name": "Alka-Seltzer Plus Cold & Cough Formula Liquid Gels", "cnid": "1675202022020262054620", "productId": "168172", "size": "20 ct box"},
{"thumb": "http://i4.peapod.com/c/KK/KKNHZ.gif", "price": "579", "unit_price": "$.29/ ea", "name": "Alka-Seltzer Plus Cold Formula Orange Zest Effervescent Tablets", "cnid": "1675202022020262054620", "productId": "47485", "size": "20 ct box"},
{"thumb": "http://i4.peapod.com/c/KK/KKNHZ.gif", "price": "1799", "unit_price": "$.60/ ea", "name": "Allegra Allergy Relief 24 Hour Tablets", "cnid": "1675202022020262054620", "productId": "163933", "size": "30 ct box"},
{"thumb": "http://i4.peapod.com/c/KK/KKNHZ.gif", "price": "999", "unit_price": "$2.35/ oz", "name": "Arm & Hammer Simply Saline Nasal Relief Sterile Saline Mist Giant Size", "cnid": "1675202022020262054620", "productId": "152800", "size": "4.25 oz can"},
{"thumb": "http://i4.peapod.com/c/KK/KKNHZ.gif", "price": "479", "unit_price": "$9.58/ oz", "name": "Ayr Saline Nasal Gel with Soothing Aloe", "cnid": "1675202022020262054620", "productId": "174621", "size": ".5 oz pkg"},
{"thumb": "http://i4.peapod.com/c/KK/KKNHZ.gif", "price": "549", "unit_price": "$.55/ ea", "name": "Breathe Right Advanced Nasal Strips Clear", "cnid": "1675202022020262054620", "productId": "160915", "size": "10 ct box"},
{"thumb": "http://i4.peapod.com/c/KK/KKNHZ.gif", "price": "1299", "unit_price": "$.50/ ea", "name": "Breathe Right Advanced Nasal Strips Clear", "cnid": "1675202022020262054620", "productId": "159929", "size": "26 ct box"},
{"thumb": "http://i4.peapod.com/c/KK/KKNHZ.gif", "price": "1299", "unit_price": "$.43/ ea", "name": "Breathe Right Nasal Strips Small to Medium Clear", "cnid": "1675202022020262054620", "productId": "149335", "size": "30 ct box"},
{"thumb": "http://i4.peapod.com/c/KK/KKNHZ.gif", "price": "150", "unit_price": "$.08/ ea", "name": "Burt's Bees Throat Drops Honey & Lemon 100% Natural", "cnid": "1675202022020262054620", "productId": "177927", "size": "20 ct bag"},
{"thumb": "http://i4.peapod.com/c/KK/KKNHZ.gif", "price": "599", "unit_price": "$.60/ ea", "name": "CareOne 24 Hour Allergy Relief Loratadine 10 mg Tablets", "cnid": "1675202022020262054620", "productId": "139397", "size": "10 ct box"},
{"thumb": "http://i4.peapod.com/c/KK/KKNHZ.gif", "price": "399", "unit_price": "$.17/ ea", "name": "CareOne Allergy Medication Easy to Swallow Capsules", "cnid": "1675202022020262054620", "productId": "168202", "size": "24 ct pkg"},
{"thumb": "http://i4.peapod.com/c/KK/KKNHZ.gif", "price": "399", "unit_price": "$.17/ ea", "name": "CareOne Allergy Medication Tablets", "cnid": "1675202022020262054620", "productId": "119439", "size": "24 ct box"},
{"thumb": "http://i4.peapod.com/c/KK/KKNHZ.gif", "price": "119", "unit_price": "$.04/ ea", "name": "CareOne Cough Drops Honey Lemon", "cnid": "1675202022020262054620", "productId": "145037", "size": "30 ct bag"},
{"thumb": "http://i4.peapod.com/c/KK/KKNHZ.gif", "price": "299", "unit_price": "$.30/ oz", "name": "CareOne PE Nighttime Cold & Flu Original Liquid", "cnid": "1675202022020262054620", "productId": "151105", "size": "10 oz btl"},
{"thumb": "http://i4.peapod.com/c/KK/KKNHZ.gif", "price": "279", "unit_price": "$1.86/ oz", "name": "CareOne Saline Nasal Spray", "cnid": "1675202022020262054620", "productId": "124253", "size": "1.5 oz btl"},
{"thumb": "http://i4.peapod.com/c/KK/KKNHZ.gif", "price": "669", "unit_price": "$.84/ oz", "name": "CareOne Tussin DM Cough Formula", "cnid": "1675202022020262054620", "productId": "120963", "size": "8 oz btl"},
{"thumb": "http://i4.peapod.com/c/KK/KKNHZ.gif", "price": "369", "unit_price": "$.23/ ea", "name": "Cepacol Sore Throat Lozenges Maximum Numbing Cherry Sugar Free", "cnid": "1675202022020262054620", "productId": "29798", "size": "16 ct pkg"},
{"thumb": "http://i4.peapod.com/c/KK/KKNHZ.gif", "price": "369", "unit_price": "$.23/ ea", "name": "Cepacol Sore Throat Lozenges Maximum Strength Numbing Honey Lemon", "cnid": "1675202022020262054620", "productId": "127521", "size": "16 ct pkg"},
{"thumb": "http://i4.peapod.com/c/KK/KKNHZ.gif", "price": "999", "unit_price": "$1.00/ ea", "name": "Claritin Allergy 12 Hour RediTabs Non Drowsy", "cnid": "1675202022020262054620", "productId": "160905", "size": "10 ct box"},
{"thumb": "http://i4.peapod.com/c/KK/KKNHZ.gif", "price": "2149", "unit_price": "$.89/ ea", "name": "Claritin Allergy 24 Hour Liqui-Gels Non Drowsy", "cnid": "1675202022020262054620", "productId": "153983", "size": "24 ct box"},
{"thumb": "http://i4.peapod.com/c/KK/KKNHZ.gif", "price": "1899", "unit_price": "$.63/ ea", "name": "Claritin Allergy 24 Hour RediTabs Non Drowsy", "cnid": "1675202022020262054620", "productId": "147917", "size": "30 ct box"},
{"thumb": "http://i4.peapod.com/c/KK/KKNHZ.gif", "price": "1069", "unit_price": "$1.07/ ea", "name": "Claritin Allergy 24 Hour RediTabs Non Drowsy", "cnid": "1675202022020262054620", "productId": "129681", "size": "10 ct box"},
{"thumb": "http://i4.peapod.com/c/KK/KKNHZ.gif", "price": "1899", "unit_price": "$.63/ ea", "name": "Claritin Allergy 24 Hour Tablets Non Drowsy", "cnid": "1675202022020262054620", "productId": "137821", "size": "30 ct box"},
{"thumb": "http://i4.peapod.com/c/KK/KKNHZ.gif", "price": "1069", "unit_price": "$1.07/ ea", "name": "Claritin Allergy 24 Hour Tablets Non Drowsy", "cnid": "1675202022020262054620", "productId": "129677", "size": "10 ct box"},
{"thumb": "http://i4.peapod.com/c/KK/KKNHZ.gif", "price": "2099", "unit_price": "$1.05/ ea", "name": "Claritin Allergy 24 Hour Tablets Non Drowsy", "cnid": "1675202022020262054620", "productId": "129678", "size": "20 ct box"},
{"thumb": "http://i4.peapod.com/c/KK/KKNHZ.gif", "price": "999", "unit_price": "$1.00/ ea", "name": "Claritin Children's Allergy 12 Hour RediTabs Non Drowsy", "cnid": "1675202022020262054620", "productId": "160904", "size": "10 ct box"},
{"thumb": "http://i4.peapod.com/c/KK/KKNHZ.gif", "price": "1949", "unit_price": "$.98/ ea", "name": "Claritin Children's Allergy 24 Hour Grape Flavored Chewables Non Drowsy", "cnid": "1675202022020262054620", "productId": "152198", "size": "20 ct box"},
{"thumb": "http://i4.peapod.com/c/KK/KKNHZ.gif", "price": "1199", "unit_price": "$1.20/ ea", "name": "Claritin Children's Allergy 24 Hour Grape Flavored Chewables Non Drowsy", "cnid": "1675202022020262054620", "productId": "146053", "size": "10 ct box"},
{"thumb": "http://i4.peapod.com/c/KK/KKNHZ.gif", "price": "1199", "unit_price": "$1.20/ ea", "name": "Claritin Children's Allergy 24 Hour RediTabs Non Drowsy", "cnid": "1675202022020262054620", "productId": "145550", "size": "10 ct box"},
{"thumb": "http://i4.peapod.com/c/KK/KKNHZ.gif", "price": "1199", "unit_price": "$3.00/ oz", "name": "Claritin Children's Allergy 24 Hour Syrup Grape Flavored Non Drowsy", "cnid": "1675202022020262054620", "productId": "146052", "size": "4 oz btl"},
{"thumb": "http://i4.peapod.com/c/KK/KKNHZ.gif", "price": "599", "unit_price": "$.33/ ea", "name": "Cold-Eeze Homeopathic Cold Remedy Lozenges Cherry Flavor", "cnid": "1675202022020262054620", "productId": "67875", "size": "18 ct pkg"},
{"thumb": "http://i4.peapod.com/c/KK/KKNHZ.gif", "price": "629", "unit_price": "$.31/ ea", "name": "Coricidin HBP Chest Congestion & Cough Relief Liqui-Gels Softgels", "cnid": "1675202022020262054620", "productId": "148986", "size": "20 ct box"},
{"thumb": "http://i4.peapod.com/c/KK/KKNHZ.gif", "price": "629", "unit_price": "$.31/ ea", "name": "Coricidin HBP Maximum Strength Flu Tablets", "cnid": "1675202022020262054620", "productId": "152930", "size": "20 ct pkg"},
{"thumb": "http://i4.peapod.com/c/KK/KKNHZ.gif", "price": "899", "unit_price": "$3.00/ oz", "name": "Delsym Cough Suppressant 12 Hour Relief Extended Release Grape", "cnid": "1675202022020262054620", "productId": "149340", "size": "3 oz btl"},
{"thumb": "http://i4.peapod.com/c/KK/KKNHZ.gif", "price": "899", "unit_price": "$3.00/ oz", "name": "Delsym Cough Suppressant 12 Hour Relief Extended Release Orange", "cnid": "1675202022020262054620", "productId": "47464", "size": "3 oz btl"},
{"thumb": "http://i4.peapod.com/c/KK/KKNHZ.gif", "price": "599", "unit_price": "$1.50/ oz", "name": "Dimetapp Children's Cold & Allergy Elixir Alcohol Free Grape Flavor", "cnid": "1675202022020262054620", "productId": "125755", "size": "4 oz btl"},
{"thumb": "http://i4.peapod.com/c/KK/KKNHZ.gif", "price": "189", "unit_price": "$.08/ ea", "name": "Halls Breezers Throat Drops Cool Berry", "cnid": "1675202022020262054620", "productId": "130351", "size": "25 ct bag"},
{"thumb": "http://i4.peapod.com/c/KK/KKNHZ.gif", "price": "189", "unit_price": "$.08/ ea", "name": "Halls Cough Drops Black Cherry Flavor Sugar Free", "cnid": "1675202022020262054620", "productId": "34768", "size": "25 ct bag"},
{"thumb": "http://i4.peapod.com/c/KK/KKNHZ.gif", "price": "159", "unit_price": "$.05/ ea", "name": "Halls Cough Drops Menthol Honey Lemon", "cnid": "1675202022020262054620", "productId": "10418", "size": "30 ct bag"},
{"thumb": "http://i4.peapod.com/c/KK/KKNHZ.gif", "price": "159", "unit_price": "$.05/ ea", "name": "Halls Cough Drops Mentholyptus", "cnid": "1675202022020262054620", "productId": "10421", "size": "30 ct bag"},
{"thumb": "http://i4.peapod.com/c/KK/KKNHZ.gif", "price": "159", "unit_price": "$.05/ ea", "name": "Halls Cough Drops Mentholyptus Cherry", "cnid": "1675202022020262054620", "productId": "10417", "size": "30 ct bag"},
{"thumb": "http://i4.peapod.com/c/KK/KKNHZ.gif", "price": "189", "unit_price": "$.08/ ea", "name": "Halls Cough Drops Mentholyptus Mountain Menthol Sugar Free", "cnid": "1675202022020262054620", "productId": "34767", "size": "25 ct bag"},
{"thumb": "http://i4.peapod.com/c/KK/KKNHZ.gif", "price": "100", "unit_price": "$.03/ ea", "name": "Luden's Throat Drops Honey Licorice", "cnid": "1675202022020262054620", "productId": "147825", "size": "30 ct bag"},
{"thumb": "http://i4.peapod.com/c/KK/KKNHZ.gif", "price": "100", "unit_price": "$.03/ ea", "name": "Luden's Throat Drops Wild Cherry", "cnid": "1675202022020262054620", "productId": "38520", "size": "30 ct bag"},
{"thumb": "http://i4.peapod.com/c/KK/KKNHZ.gif", "price": "1129", "unit_price": "$.56/ ea", "name": "Mucinex Chest Congestion 12 Hour Extended Release Tablets", "cnid": "1675202022020262054620", "productId": "139370", "size": "20 ct box"},
{"thumb": "http://i4.peapod.com/c/KK/KKNHZ.gif", "price": "2299", "unit_price": "$.82/ ea", "name": "Mucinex Chest Congestion 12 Hour Maximum Strength Extended Release Tablets", "cnid": "1675202022020262054620", "productId": "163769", "size": "28 ct box"},
{"thumb": "http://i4.peapod.com/c/KK/KKNHZ.gif", "price": "999", "unit_price": "$2.50/ oz", "name": "Mucinex Children's Cough Suppressant Cherry Flavor Liquid", "cnid": "1675202022020262054620", "productId": "148115", "size": "4 oz pkg"},
{"thumb": "http://i4.peapod.com/c/KK/KKNHZ.gif", "price": "899", "unit_price": "$.75/ ea", "name": "Mucinex Children's Cough Suppressant Orange Creme Flavor Mini-Melts", "cnid": "1675202022020262054620", "productId": "154126", "size": "12 ct box"},
{"thumb": "http://i4.peapod.com/c/KK/KKNHZ.gif", "price": "1399", "unit_price": "$1.00/ ea", "name": "Mucinex DM Chest Congestion 12 Hour Maximum Strength Tablets", "cnid": "1675202022020262054620", "productId": "156938", "size": "14 ct box"},
{"thumb": "http://i4.peapod.com/c/KK/KKNHZ.gif", "price": "2299", "unit_price": "$.57/ ea", "name": "Mucinex DM Cough & Chest Congestion 12 Hour Maximum Strength Tablets", "cnid": "1675202022020262054620", "productId": "162779", "size": "40 ct box"},
{"thumb": "http://i4.peapod.com/c/KK/KKNHZ.gif", "price": "1499", "unit_price": "$1.07/ ea", "name": "Mucinex DM Cough & Chest Congestion 12 Hour Maximum Strength Tablets", "cnid": "1675202022020262054620", "productId": "149357", "size": "14 ct box"},
{"thumb": "http://i4.peapod.com/c/KK/KKNHZ.gif", "price": "1399", "unit_price": "$.70/ ea", "name": "Mucinex DM Expectorant/Cough Suppressant 12 Hour Extended Release Tablets", "cnid": "1675202022020262054620", "productId": "139618", "size": "20 ct box"},
{"thumb": "http://i4.peapod.com/c/KK/KKNHZ.gif", "price": "899", "unit_price": "$1.50/ oz", "name": "Mucinex Fast-Max Cold, Flu & Sore Throat Maximum Strength Liquid", "cnid": "1675202022020262054620", "productId": "170546", "size": "6 oz btl"},
{"thumb": "http://i4.peapod.com/c/KK/KKNHZ.gif", "price": "899", "unit_price": "$1.50/ oz", "name": "Mucinex Fast-Max Cold & Sinus Multi Symptom Maximum Strength Liquid", "cnid": "1675202022020262054620", "productId": "170547", "size": "6 oz btl"},
{"thumb": "http://i4.peapod.com/c/KK/KKNHZ.gif", "price": "899", "unit_price": "$1.50/ oz", "name": "Mucinex Fast-Max Severe Congestion & Cough Maximum Strength Liquid", "cnid": "1675202022020262054620", "productId": "170545", "size": "6 oz btl"},
{"thumb": "http://i4.peapod.com/c/KK/KKNHZ.gif", "price": "599", "unit_price": "$11.98/ oz", "name": "Neo-Synephrine Nasal Decongestant Regular Strength Non Drowsy Spray", "cnid": "1675202022020262054620", "productId": "38662", "size": ".5 oz btl"},
{"thumb": "http://i4.peapod.com/c/KK/KKNHZ.gif", "price": "150", "unit_price": "$.07/ ea", "name": "Ricola Cough Drops Original Natural Herb", "cnid": "1675202022020262054620", "productId": "21900", "size": "21 ct pkg"},
{"thumb": "http://i4.peapod.com/c/KK/KKNHZ.gif", "price": "150", "unit_price": "$.06/ ea", "name": "Ricola Herb Throat Drops Lemon Mint Natural", "cnid": "1675202022020262054620", "productId": "163934", "size": "24 ct bag"},
{"thumb": "http://i4.peapod.com/c/KK/KKNHZ.gif", "price": "150", "unit_price": "$.08/ ea", "name": "Ricola Throat Drops Lemon Mint Sugar Free", "cnid": "1675202022020262054620", "productId": "149362", "size": "19 ct bag"},
{"thumb": "http://i4.peapod.com/c/KK/KKNHZ.gif", "price": "899", "unit_price": "$1.12/ oz", "name": "Robitussin Peak Cold Cough+Chest Congestion DM Adult Max Strength Syrup", "cnid": "1675202022020262054620", "productId": "156063", "size": "8 oz btl"},
{"thumb": "http://i4.peapod.com/c/KK/KKNHZ.gif", "price": "699", "unit_price": "$.44/ ea", "name": "Vicks DayQuil Cold & Flu Multi-Symptom Relief LiquiCaps", "cnid": "1675202022020262054620", "productId": "144993", "size": "16 ct box"},
{"thumb": "http://i4.peapod.com/c/KK/KKNHZ.gif", "price": "599", "unit_price": "$.50/ oz", "name": "Vicks DayQuil Cold & Flu Multi-Symptom Relief Liquid", "cnid": "1675202022020262054620", "productId": "142145", "size": "12 oz btl"},
{"thumb": "http://i4.peapod.com/c/KK/KKNHZ.gif", "price": "599", "unit_price": "$.25/ ea", "name": "Vicks DayQuil Cold & Flu Multi-Symptom Relief Non Drowsy LiquiCaps", "cnid": "1675202022020262054620", "productId": "162180", "size": "24 ct box"},
{"thumb": "http://i4.peapod.com/c/KK/KKNHZ.gif", "price": "599", "unit_price": "$.75/ oz", "name": "Vicks Nature Fusion Cold & Flu Nighttime Relief Acetaminophen", "cnid": "1675202022020262054620", "productId": "177898", "size": "8 oz btl"},
{"thumb": "http://i4.peapod.com/c/KK/KKNHZ.gif", "price": "599", "unit_price": "$.75/ oz", "name": "Vicks Nature Fusion Cough & Chest Congestion Expectorant Non Drowsy", "cnid": "1675202022020262054620", "productId": "177897", "size": "8 oz btl"},
{"thumb": "http://i4.peapod.com/c/KK/KKNHZ.gif", "price": "599", "unit_price": "$.75/ oz", "name": "Vicks Nature Fusion Cough Suppressant", "cnid": "1675202022020262054620", "productId": "177896", "size": "8 oz btl"},
{"thumb": "http://i4.peapod.com/c/KK/KKNHZ.gif", "price": "699", "unit_price": "$.87/ oz", "name": "Vicks NyQuil Cold & Flu Nighttime Relief Cherry", "cnid": "1675202022020262054620", "productId": "10475", "size": "8 oz btl"},
{"thumb": "http://i4.peapod.com/c/KK/KKNHZ.gif", "price": "599", "unit_price": "$.25/ ea", "name": "Vicks NyQuil Cold & Flu Nighttime Relief LiquiCaps", "cnid": "1675202022020262054620", "productId": "76510", "size": "24 ct box"},
{"thumb": "http://i4.peapod.com/c/KK/KKNHZ.gif", "price": "599", "unit_price": "$.50/ oz", "name": "Vicks NyQuil Cold & Flu Nighttime Relief Liquid", "cnid": "1675202022020262054620", "productId": "43945", "size": "12 oz btl"},
{"thumb": "http://i4.peapod.com/c/KK/KKNHZ.gif", "price": "699", "unit_price": "$.87/ oz", "name": "Vicks NyQuil Cold & Flu Nighttime Relief Original Flavor", "cnid": "1675202022020262054620", "productId": "10471", "size": "8 oz btl"},
{"thumb": "http://i4.peapod.com/c/KK/KKNHZ.gif", "price": "599", "unit_price": "$.50/ oz", "name": "Vicks NyQuil Cold & Flu Nighttime Relief Vanilla Cherry Swirl Flavor", "cnid": "1675202022020262054620", "productId": "177928", "size": "12 oz btl"},
{"thumb": "http://i4.peapod.com/c/KK/KKNHZ.gif", "price": "1899", "unit_price": "$.76/ ea", "name": "Zyrtec Allergy Relief 24-Hour 10 mg Liquid Gels", "cnid": "1675202022020262054620", "productId": "158580", "size": "25 ct pkg"},
{"thumb": "http://i4.peapod.com/c/KK/KKNHZ.gif", "price": "1399", "unit_price": "$1.00/ ea", "name": "Zyrtec Allergy Relief 24-Hour 10 mg Tablets", "cnid": "1675202022020262054620", "productId": "148617", "size": "14 ct pkg"},
{"thumb": "http://i4.peapod.com/c/KK/KKNHZ.gif", "price": "649", "unit_price": "$1.30/ ea", "name": "Zyrtec Allergy Relief 24-Hour 10 mg Tablets", "cnid": "1675202022020262054620", "productId": "148619", "size": "5 ct box"},
{"thumb": "http://i4.peapod.com/c/KK/KKNHZ.gif", "price": "1899", "unit_price": "$.63/ ea", "name": "Zyrtec Allergy Relief 24-Hour 10 mg Tablets", "cnid": "1675202022020262054620", "productId": "148618", "size": "30 ct pkg"},
{"thumb": "http://i4.peapod.com/c/KK/KKNHZ.gif", "price": "599", "unit_price": "$11.98/ oz", "name": "Afrin Nasal Spray 12-Hour Relief Original", "cnid": "63539662", "productId": "10234", "size": ".5 oz btl"},
{"thumb": "http://i4.peapod.com/c/KK/KKNHZ.gif", "price": "599", "unit_price": "$11.98/ oz", "name": "Afrin Nasal Spray 12 Hour Relief Sinus", "cnid": "63539662", "productId": "40810", "size": ".5 oz btl"},
{"thumb": "http://i4.peapod.com/c/KK/KKNHZ.gif", "price": "669", "unit_price": "$13.38/ oz", "name": "Afrin NoDrip Nasal Pump Mist 12-Hour Relief Extra Moisturizing", "cnid": "63539662", "productId": "50453", "size": ".5 oz btl"},
{"thumb": "http://i4.peapod.com/c/KK/KKNHZ.gif", "price": "669", "unit_price": "$13.38/ oz", "name": "Afrin NoDrip Pump Mist 12-Hour Relief Maximum Strength Severe Congestion", "cnid": "63539662", "productId": "160644", "size": ".5 oz btl"},
{"thumb": "http://i4.peapod.com/c/KK/KKNHZ.gif", "price": "649", "unit_price": "$.32/ ea", "name": "Alka-Seltzer Plus Cold & Cough Formula Liquid Gels", "cnid": "63539662", "productId": "168172", "size": "20 ct box"},
{"thumb": "http://i4.peapod.com/c/KK/KKNHZ.gif", "price": "579", "unit_price": "$.29/ ea", "name": "Alka-Seltzer Plus Cold Formula Orange Zest Effervescent Tablets", "cnid": "63539662", "productId": "47485", "size": "20 ct box"},
{"thumb": "http://i4.peapod.com/c/KK/KKNHZ.gif", "price": "1799", "unit_price": "$.60/ ea", "name": "Allegra Allergy Relief 24 Hour Tablets", "cnid": "63539662", "productId": "163933", "size": "30 ct box"},
{"thumb": "http://i4.peapod.com/c/KK/KKNHZ.gif", "price": "999", "unit_price": "$2.35/ oz", "name": "Arm & Hammer Simply Saline Nasal Relief Sterile Saline Mist Giant Size", "cnid": "63539662", "productId": "152800", "size": "4.25 oz can"},
{"thumb": "http://i4.peapod.com/c/KK/KKNHZ.gif", "price": "479", "unit_price": "$9.58/ oz", "name": "Ayr Saline Nasal Gel with Soothing Aloe", "cnid": "63539662", "productId": "174621", "size": ".5 oz pkg"},
{"thumb": "http://i4.peapod.com/c/KK/KKNHZ.gif", "price": "549", "unit_price": "$.55/ ea", "name": "Breathe Right Advanced Nasal Strips Clear", "cnid": "63539662", "productId": "160915", "size": "10 ct box"},
{"thumb": "http://i4.peapod.com/c/KK/KKNHZ.gif", "price": "1299", "unit_price": "$.50/ ea", "name": "Breathe Right Advanced Nasal Strips Clear", "cnid": "63539662", "productId": "159929", "size": "26 ct box"},
{"thumb": "http://i4.peapod.com/c/KK/KKNHZ.gif", "price": "1299", "unit_price": "$.43/ ea", "name": "Breathe Right Nasal Strips Small to Medium Clear", "cnid": "63539662", "productId": "149335", "size": "30 ct box"},
{"thumb": "http://i4.peapod.com/c/KK/KKNHZ.gif", "price": "150", "unit_price": "$.08/ ea", "name": "Burt's Bees Throat Drops Honey & Lemon 100% Natural", "cnid": "63539662", "productId": "177927", "size": "20 ct bag"},
{"thumb": "http://i4.peapod.com/c/KK/KKNHZ.gif", "price": "599", "unit_price": "$.60/ ea", "name": "CareOne 24 Hour Allergy Relief Loratadine 10 mg Tablets", "cnid": "63539662", "productId": "139397", "size": "10 ct box"},
{"thumb": "http://i4.peapod.com/c/KK/KKNHZ.gif", "price": "399", "unit_price": "$.17/ ea", "name": "CareOne Allergy Medication Easy to Swallow Capsules", "cnid": "63539662", "productId": "168202", "size": "24 ct pkg"},
{"thumb": "http://i4.peapod.com/c/KK/KKNHZ.gif", "price": "399", "unit_price": "$.17/ ea", "name": "CareOne Allergy Medication Tablets", "cnid": "63539662", "productId": "119439", "size": "24 ct box"},
{"thumb": "http://i4.peapod.com/c/KK/KKNHZ.gif", "price": "119", "unit_price": "$.04/ ea", "name": "CareOne Cough Drops Honey Lemon", "cnid": "63539662", "productId": "145037", "size": "30 ct bag"},
{"thumb": "http://i4.peapod.com/c/KK/KKNHZ.gif", "price": "299", "unit_price": "$.30/ oz", "name": "CareOne PE Nighttime Cold & Flu Original Liquid", "cnid": "63539662", "productId": "151105", "size": "10 oz btl"},
{"thumb": "http://i4.peapod.com/c/KK/KKNHZ.gif", "price": "279", "unit_price": "$1.86/ oz", "name": "CareOne Saline Nasal Spray", "cnid": "63539662", "productId": "124253", "size": "1.5 oz btl"},
{"thumb": "http://i4.peapod.com/c/KK/KKNHZ.gif", "price": "669", "unit_price": "$.84/ oz", "name": "CareOne Tussin DM Cough Formula", "cnid": "63539662", "productId": "120963", "size": "8 oz btl"},
{"thumb": "http://i4.peapod.com/c/KK/KKNHZ.gif", "price": "369", "unit_price": "$.23/ ea", "name": "Cepacol Sore Throat Lozenges Maximum Numbing Cherry Sugar Free", "cnid": "63539662", "productId": "29798", "size": "16 ct pkg"},
{"thumb": "http://i4.peapod.com/c/KK/KKNHZ.gif", "price": "369", "unit_price": "$.23/ ea", "name": "Cepacol Sore Throat Lozenges Maximum Strength Numbing Honey Lemon", "cnid": "63539662", "productId": "127521", "size": "16 ct pkg"},
{"thumb": "http://i4.peapod.com/c/KK/KKNHZ.gif", "price": "999", "unit_price": "$1.00/ ea", "name": "Claritin Allergy 12 Hour RediTabs Non Drowsy", "cnid": "63539662", "productId": "160905", "size": "10 ct box"},
{"thumb": "http://i4.peapod.com/c/KK/KKNHZ.gif", "price": "2149", "unit_price": "$.89/ ea", "name": "Claritin Allergy 24 Hour Liqui-Gels Non Drowsy", "cnid": "63539662", "productId": "153983", "size": "24 ct box"},
{"thumb": "http://i4.peapod.com/c/KK/KKNHZ.gif", "price": "1899", "unit_price": "$.63/ ea", "name": "Claritin Allergy 24 Hour RediTabs Non Drowsy", "cnid": "63539662", "productId": "147917", "size": "30 ct box"},
{"thumb": "http://i4.peapod.com/c/KK/KKNHZ.gif", "price": "1069", "unit_price": "$1.07/ ea", "name": "Claritin Allergy 24 Hour RediTabs Non Drowsy", "cnid": "63539662", "productId": "129681", "size": "10 ct box"},
{"thumb": "http://i4.peapod.com/c/KK/KKNHZ.gif", "price": "1899", "unit_price": "$.63/ ea", "name": "Claritin Allergy 24 Hour Tablets Non Drowsy", "cnid": "63539662", "productId": "137821", "size": "30 ct box"},
{"thumb": "http://i4.peapod.com/c/KK/KKNHZ.gif", "price": "1069", "unit_price": "$1.07/ ea", "name": "Claritin Allergy 24 Hour Tablets Non Drowsy", "cnid": "63539662", "productId": "129677", "size": "10 ct box"},
{"thumb": "http://i4.peapod.com/c/KK/KKNHZ.gif", "price": "2099", "unit_price": "$1.05/ ea", "name": "Claritin Allergy 24 Hour Tablets Non Drowsy", "cnid": "63539662", "productId": "129678", "size": "20 ct box"},
{"thumb": "http://i4.peapod.com/c/KK/KKNHZ.gif", "price": "999", "unit_price": "$1.00/ ea", "name": "Claritin Children's Allergy 12 Hour RediTabs Non Drowsy", "cnid": "63539662", "productId": "160904", "size": "10 ct box"},
{"thumb": "http://i4.peapod.com/c/KK/KKNHZ.gif", "price": "1949", "unit_price": "$.98/ ea", "name": "Claritin Children's Allergy 24 Hour Grape Flavored Chewables Non Drowsy", "cnid": "63539662", "productId": "152198", "size": "20 ct box"},
{"thumb": "http://i4.peapod.com/c/KK/KKNHZ.gif", "price": "1199", "unit_price": "$1.20/ ea", "name": "Claritin Children's Allergy 24 Hour Grape Flavored Chewables Non Drowsy", "cnid": "63539662", "productId": "146053", "size": "10 ct box"},
{"thumb": "http://i4.peapod.com/c/KK/KKNHZ.gif", "price": "1199", "unit_price": "$1.20/ ea", "name": "Claritin Children's Allergy 24 Hour RediTabs Non Drowsy", "cnid": "63539662", "productId": "145550", "size": "10 ct box"},
{"thumb": "http://i4.peapod.com/c/KK/KKNHZ.gif", "price": "1199", "unit_price": "$3.00/ oz", "name": "Claritin Children's Allergy 24 Hour Syrup Grape Flavored Non Drowsy", "cnid": "63539662", "productId": "146052", "size": "4 oz btl"},
{"thumb": "http://i4.peapod.com/c/KK/KKNHZ.gif", "price": "599", "unit_price": "$.33/ ea", "name": "Cold-Eeze Homeopathic Cold Remedy Lozenges Cherry Flavor", "cnid": "63539662", "productId": "67875", "size": "18 ct pkg"},
{"thumb": "http://i4.peapod.com/c/KK/KKNHZ.gif", "price": "629", "unit_price": "$.31/ ea", "name": "Coricidin HBP Chest Congestion & Cough Relief Liqui-Gels Softgels", "cnid": "63539662", "productId": "148986", "size": "20 ct box"},
{"thumb": "http://i4.peapod.com/c/KK/KKNHZ.gif", "price": "629", "unit_price": "$.31/ ea", "name": "Coricidin HBP Maximum Strength Flu Tablets", "cnid": "63539662", "productId": "152930", "size": "20 ct pkg"},
{"thumb": "http://i4.peapod.com/c/KK/KKNHZ.gif", "price": "899", "unit_price": "$3.00/ oz", "name": "Delsym Cough Suppressant 12 Hour Relief Extended Release Grape", "cnid": "63539662", "productId": "149340", "size": "3 oz btl"},
{"thumb": "http://i4.peapod.com/c/KK/KKNHZ.gif", "price": "899", "unit_price": "$3.00/ oz", "name": "Delsym Cough Suppressant 12 Hour Relief Extended Release Orange", "cnid": "63539662", "productId": "47464", "size": "3 oz btl"},
{"thumb": "http://i4.peapod.com/c/KK/KKNHZ.gif", "price": "599", "unit_price": "$1.50/ oz", "name": "Dimetapp Children's Cold & Allergy Elixir Alcohol Free Grape Flavor", "cnid": "63539662", "productId": "125755", "size": "4 oz btl"},
{"thumb": "http://i4.peapod.com/c/KK/KKNHZ.gif", "price": "189", "unit_price": "$.08/ ea", "name": "Halls Breezers Throat Drops Cool Berry", "cnid": "63539662", "productId": "130351", "size": "25 ct bag"},
{"thumb": "http://i4.peapod.com/c/KK/KKNHZ.gif", "price": "189", "unit_price": "$.08/ ea", "name": "Halls Cough Drops Black Cherry Flavor Sugar Free", "cnid": "63539662", "productId": "34768", "size": "25 ct bag"},
{"thumb": "http://i4.peapod.com/c/KK/KKNHZ.gif", "price": "159", "unit_price": "$.05/ ea", "name": "Halls Cough Drops Menthol Honey Lemon", "cnid": "63539662", "productId": "10418", "size": "30 ct bag"},
{"thumb": "http://i4.peapod.com/c/KK/KKNHZ.gif", "price": "159", "unit_price": "$.05/ ea", "name": "Halls Cough Drops Mentholyptus", "cnid": "63539662", "productId": "10421", "size": "30 ct bag"},
{"thumb": "http://i4.peapod.com/c/KK/KKNHZ.gif", "price": "159", "unit_price": "$.05/ ea", "name": "Halls Cough Drops Mentholyptus Cherry", "cnid": "63539662", "productId": "10417", "size": "30 ct bag"},
{"thumb": "http://i4.peapod.com/c/KK/KKNHZ.gif", "price": "189", "unit_price": "$.08/ ea", "name": "Halls Cough Drops Mentholyptus Mountain Menthol Sugar Free", "cnid": "63539662", "productId": "34767", "size": "25 ct bag"},
{"thumb": "http://i4.peapod.com/c/KK/KKNHZ.gif", "price": "100", "unit_price": "$.03/ ea", "name": "Luden's Throat Drops Honey Licorice", "cnid": "63539662", "productId": "147825", "size": "30 ct bag"},
{"thumb": "http://i4.peapod.com/c/KK/KKNHZ.gif", "price": "100", "unit_price": "$.03/ ea", "name": "Luden's Throat Drops Wild Cherry", "cnid": "63539662", "productId": "38520", "size": "30 ct bag"},
{"thumb": "http://i4.peapod.com/c/KK/KKNHZ.gif", "price": "1129", "unit_price": "$.56/ ea", "name": "Mucinex Chest Congestion 12 Hour Extended Release Tablets", "cnid": "63539662", "productId": "139370", "size": "20 ct box"},
{"thumb": "http://i4.peapod.com/c/KK/KKNHZ.gif", "price": "2299", "unit_price": "$.82/ ea", "name": "Mucinex Chest Congestion 12 Hour Maximum Strength Extended Release Tablets", "cnid": "63539662", "productId": "163769", "size": "28 ct box"},
{"thumb": "http://i4.peapod.com/c/KK/KKNHZ.gif", "price": "999", "unit_price": "$2.50/ oz", "name": "Mucinex Children's Cough Suppressant Cherry Flavor Liquid", "cnid": "63539662", "productId": "148115", "size": "4 oz pkg"},
{"thumb": "http://i4.peapod.com/c/KK/KKNHZ.gif", "price": "899", "unit_price": "$.75/ ea", "name": "Mucinex Children's Cough Suppressant Orange Creme Flavor Mini-Melts", "cnid": "63539662", "productId": "154126", "size": "12 ct box"},
{"thumb": "http://i4.peapod.com/c/KK/KKNHZ.gif", "price": "1399", "unit_price": "$1.00/ ea", "name": "Mucinex DM Chest Congestion 12 Hour Maximum Strength Tablets", "cnid": "63539662", "productId": "156938", "size": "14 ct box"},
{"thumb": "http://i4.peapod.com/c/KK/KKNHZ.gif", "price": "2299", "unit_price": "$.57/ ea", "name": "Mucinex DM Cough & Chest Congestion 12 Hour Maximum Strength Tablets", "cnid": "63539662", "productId": "162779", "size": "40 ct box"},
{"thumb": "http://i4.peapod.com/c/KK/KKNHZ.gif", "price": "1499", "unit_price": "$1.07/ ea", "name": "Mucinex DM Cough & Chest Congestion 12 Hour Maximum Strength Tablets", "cnid": "63539662", "productId": "149357", "size": "14 ct box"},
{"thumb": "http://i4.peapod.com/c/KK/KKNHZ.gif", "price": "1399", "unit_price": "$.70/ ea", "name": "Mucinex DM Expectorant/Cough Suppressant 12 Hour Extended Release Tablets", "cnid": "63539662", "productId": "139618", "size": "20 ct box"},
{"thumb": "http://i4.peapod.com/c/KK/KKNHZ.gif", "price": "899", "unit_price": "$1.50/ oz", "name": "Mucinex Fast-Max Cold, Flu & Sore Throat Maximum Strength Liquid", "cnid": "63539662", "productId": "170546", "size": "6 oz btl"},
{"thumb": "http://i4.peapod.com/c/KK/KKNHZ.gif", "price": "899", "unit_price": "$1.50/ oz", "name": "Mucinex Fast-Max Cold & Sinus Multi Symptom Maximum Strength Liquid", "cnid": "63539662", "productId": "170547", "size": "6 oz btl"},
{"thumb": "http://i4.peapod.com/c/KK/KKNHZ.gif", "price": "899", "unit_price": "$1.50/ oz", "name": "Mucinex Fast-Max Severe Congestion & Cough Maximum Strength Liquid", "cnid": "63539662", "productId": "170545", "size": "6 oz btl"},
{"thumb": "http://i4.peapod.com/c/KK/KKNHZ.gif", "price": "599", "unit_price": "$11.98/ oz", "name": "Neo-Synephrine Nasal Decongestant Regular Strength Non Drowsy Spray", "cnid": "63539662", "productId": "38662", "size": ".5 oz btl"},
{"thumb": "http://i4.peapod.com/c/KK/KKNHZ.gif", "price": "150", "unit_price": "$.07/ ea", "name": "Ricola Cough Drops Original Natural Herb", "cnid": "63539662", "productId": "21900", "size": "21 ct pkg"},
{"thumb": "http://i4.peapod.com/c/KK/KKNHZ.gif", "price": "150", "unit_price": "$.06/ ea", "name": "Ricola Herb Throat Drops Lemon Mint Natural", "cnid": "63539662", "productId": "163934", "size": "24 ct bag"},
{"thumb": "http://i4.peapod.com/c/KK/KKNHZ.gif", "price": "150", "unit_price": "$.08/ ea", "name": "Ricola Throat Drops Lemon Mint Sugar Free", "cnid": "63539662", "productId": "149362", "size": "19 ct bag"},
{"thumb": "http://i4.peapod.com/c/KK/KKNHZ.gif", "price": "899", "unit_price": "$1.12/ oz", "name": "Robitussin Peak Cold Cough+Chest Congestion DM Adult Max Strength Syrup", "cnid": "63539662", "productId": "156063", "size": "8 oz btl"},
{"thumb": "http://i4.peapod.com/c/KK/KKNHZ.gif", "price": "699", "unit_price": "$.44/ ea", "name": "Vicks DayQuil Cold & Flu Multi-Symptom Relief LiquiCaps", "cnid": "63539662", "productId": "144993", "size": "16 ct box"},
{"thumb": "http://i4.peapod.com/c/KK/KKNHZ.gif", "price": "599", "unit_price": "$.50/ oz", "name": "Vicks DayQuil Cold & Flu Multi-Symptom Relief Liquid", "cnid": "63539662", "productId": "142145", "size": "12 oz btl"},
{"thumb": "http://i4.peapod.com/c/KK/KKNHZ.gif", "price": "599", "unit_price": "$.25/ ea", "name": "Vicks DayQuil Cold & Flu Multi-Symptom Relief Non Drowsy LiquiCaps", "cnid": "63539662", "productId": "162180", "size": "24 ct box"},
{"thumb": "http://i4.peapod.com/c/KK/KKNHZ.gif", "price": "599", "unit_price": "$.75/ oz", "name": "Vicks Nature Fusion Cold & Flu Nighttime Relief Acetaminophen", "cnid": "63539662", "productId": "177898", "size": "8 oz btl"},
{"thumb": "http://i4.peapod.com/c/KK/KKNHZ.gif", "price": "599", "unit_price": "$.75/ oz", "name": "Vicks Nature Fusion Cough & Chest Congestion Expectorant Non Drowsy", "cnid": "63539662", "productId": "177897", "size": "8 oz btl"},
{"thumb": "http://i4.peapod.com/c/KK/KKNHZ.gif", "price": "599", "unit_price": "$.75/ oz", "name": "Vicks Nature Fusion Cough Suppressant", "cnid": "63539662", "productId": "177896", "size": "8 oz btl"},
{"thumb": "http://i4.peapod.com/c/KK/KKNHZ.gif", "price": "699", "unit_price": "$.87/ oz", "name": "Vicks NyQuil Cold & Flu Nighttime Relief Cherry", "cnid": "63539662", "productId": "10475", "size": "8 oz btl"},
{"thumb": "http://i4.peapod.com/c/KK/KKNHZ.gif", "price": "599", "unit_price": "$.25/ ea", "name": "Vicks NyQuil Cold & Flu Nighttime Relief LiquiCaps", "cnid": "63539662", "productId": "76510", "size": "24 ct box"},
{"thumb": "http://i4.peapod.com/c/KK/KKNHZ.gif", "price": "599", "unit_price": "$.50/ oz", "name": "Vicks NyQuil Cold & Flu Nighttime Relief Liquid", "cnid": "63539662", "productId": "43945", "size": "12 oz btl"},
{"thumb": "http://i4.peapod.com/c/KK/KKNHZ.gif", "price": "699", "unit_price": "$.87/ oz", "name": "Vicks NyQuil Cold & Flu Nighttime Relief Original Flavor", "cnid": "63539662", "productId": "10471", "size": "8 oz btl"},
{"thumb": "http://i4.peapod.com/c/KK/KKNHZ.gif", "price": "599", "unit_price": "$.50/ oz", "name": "Vicks NyQuil Cold & Flu Nighttime Relief Vanilla Cherry Swirl Flavor", "cnid": "63539662", "productId": "177928", "size": "12 oz btl"},
{"thumb": "http://i4.peapod.com/c/KK/KKNHZ.gif", "price": "1899", "unit_price": "$.76/ ea", "name": "Zyrtec Allergy Relief 24-Hour 10 mg Liquid Gels", "cnid": "63539662", "productId": "158580", "size": "25 ct pkg"},
{"thumb": "http://i4.peapod.com/c/KK/KKNHZ.gif", "price": "1399", "unit_price": "$1.00/ ea", "name": "Zyrtec Allergy Relief 24-Hour 10 mg Tablets", "cnid": "63539662", "productId": "148617", "size": "14 ct pkg"},
{"thumb": "http://i4.peapod.com/c/KK/KKNHZ.gif", "price": "649", "unit_price": "$1.30/ ea", "name": "Zyrtec Allergy Relief 24-Hour 10 mg Tablets", "cnid": "63539662", "productId": "148619", "size": "5 ct box"},
{"thumb": "http://i4.peapod.com/c/KK/KKNHZ.gif", "price": "1899", "unit_price": "$.63/ ea", "name": "Zyrtec Allergy Relief 24-Hour 10 mg Tablets", "cnid": "63539662", "productId": "148618", "size": "30 ct pkg"},
{"thumb": "http://i4.peapod.com/c/KK/KKNHZ.gif", "price": "599", "unit_price": "$11.98/ oz", "name": "Afrin Nasal Spray 12-Hour Relief Original", "cnid": "1448202022020262054593", "productId": "10234", "size": ".5 oz btl"},
{"thumb": "http://i4.peapod.com/c/KK/KKNHZ.gif", "price": "599", "unit_price": "$11.98/ oz", "name": "Afrin Nasal Spray 12 Hour Relief Sinus", "cnid": "1448202022020262054593", "productId": "40810", "size": ".5 oz btl"},
{"thumb": "http://i4.peapod.com/c/KK/KKNHZ.gif", "price": "669", "unit_price": "$13.38/ oz", "name": "Afrin NoDrip Nasal Pump Mist 12-Hour Relief Extra Moisturizing", "cnid": "1448202022020262054593", "productId": "50453", "size": ".5 oz btl"},
{"thumb": "http://i4.peapod.com/c/KK/KKNHZ.gif", "price": "669", "unit_price": "$13.38/ oz", "name": "Afrin NoDrip Pump Mist 12-Hour Relief Maximum Strength Severe Congestion", "cnid": "1448202022020262054593", "productId": "160644", "size": ".5 oz btl"},
{"thumb": "http://i4.peapod.com/c/KK/KKNHZ.gif", "price": "649", "unit_price": "$.32/ ea", "name": "Alka-Seltzer Plus Cold & Cough Formula Liquid Gels", "cnid": "1448202022020262054593", "productId": "168172", "size": "20 ct box"},
{"thumb": "http://i4.peapod.com/c/KK/KKNHZ.gif", "price": "579", "unit_price": "$.29/ ea", "name": "Alka-Seltzer Plus Cold Formula Orange Zest Effervescent Tablets", "cnid": "1448202022020262054593", "productId": "47485", "size": "20 ct box"},
{"thumb": "http://i4.peapod.com/c/KK/KKNHZ.gif", "price": "1799", "unit_price": "$.60/ ea", "name": "Allegra Allergy Relief 24 Hour Tablets", "cnid": "1448202022020262054593", "productId": "163933", "size": "30 ct box"},
{"thumb": "http://i4.peapod.com/c/KK/KKNHZ.gif", "price": "999", "unit_price": "$2.35/ oz", "name": "Arm & Hammer Simply Saline Nasal Relief Sterile Saline Mist Giant Size", "cnid": "1448202022020262054593", "productId": "152800", "size": "4.25 oz can"},
{"thumb": "http://i4.peapod.com/c/KK/KKNHZ.gif", "price": "479", "unit_price": "$9.58/ oz", "name": "Ayr Saline Nasal Gel with Soothing Aloe", "cnid": "1448202022020262054593", "productId": "174621", "size": ".5 oz pkg"},
{"thumb": "http://i4.peapod.com/c/KK/KKNHZ.gif", "price": "549", "unit_price": "$.55/ ea", "name": "Breathe Right Advanced Nasal Strips Clear", "cnid": "1448202022020262054593", "productId": "160915", "size": "10 ct box"},
{"thumb": "http://i4.peapod.com/c/KK/KKNHZ.gif", "price": "1299", "unit_price": "$.50/ ea", "name": "Breathe Right Advanced Nasal Strips Clear", "cnid": "1448202022020262054593", "productId": "159929", "size": "26 ct box"},
{"thumb": "http://i4.peapod.com/c/KK/KKNHZ.gif", "price": "1299", "unit_price": "$.43/ ea", "name": "Breathe Right Nasal Strips Small to Medium Clear", "cnid": "1448202022020262054593", "productId": "149335", "size": "30 ct box"},
{"thumb": "http://i4.peapod.com/c/KK/KKNHZ.gif", "price": "150", "unit_price": "$.08/ ea", "name": "Burt's Bees Throat Drops Honey & Lemon 100% Natural", "cnid": "1448202022020262054593", "productId": "177927", "size": "20 ct bag"},
{"thumb": "http://i4.peapod.com/c/KK/KKNHZ.gif", "price": "599", "unit_price": "$.60/ ea", "name": "CareOne 24 Hour Allergy Relief Loratadine 10 mg Tablets", "cnid": "1448202022020262054593", "productId": "139397", "size": "10 ct box"},
{"thumb": "http://i4.peapod.com/c/KK/KKNHZ.gif", "price": "399", "unit_price": "$.17/ ea", "name": "CareOne Allergy Medication Easy to Swallow Capsules", "cnid": "1448202022020262054593", "productId": "168202", "size": "24 ct pkg"},
{"thumb": "http://i4.peapod.com/c/KK/KKNHZ.gif", "price": "399", "unit_price": "$.17/ ea", "name": "CareOne Allergy Medication Tablets", "cnid": "1448202022020262054593", "productId": "119439", "size": "24 ct box"},
{"thumb": "http://i4.peapod.com/c/KK/KKNHZ.gif", "price": "119", "unit_price": "$.04/ ea", "name": "CareOne Cough Drops Honey Lemon", "cnid": "1448202022020262054593", "productId": "145037", "size": "30 ct bag"},
{"thumb": "http://i4.peapod.com/c/KK/KKNHZ.gif", "price": "299", "unit_price": "$.30/ oz", "name": "CareOne PE Nighttime Cold & Flu Original Liquid", "cnid": "1448202022020262054593", "productId": "151105", "size": "10 oz btl"},
{"thumb": "http://i4.peapod.com/c/KK/KKNHZ.gif", "price": "279", "unit_price": "$1.86/ oz", "name": "CareOne Saline Nasal Spray", "cnid": "1448202022020262054593", "productId": "124253", "size": "1.5 oz btl"},
{"thumb": "http://i4.peapod.com/c/KK/KKNHZ.gif", "price": "669", "unit_price": "$.84/ oz", "name": "CareOne Tussin DM Cough Formula", "cnid": "1448202022020262054593", "productId": "120963", "size": "8 oz btl"},
{"thumb": "http://i4.peapod.com/c/KK/KKNHZ.gif", "price": "369", "unit_price": "$.23/ ea", "name": "Cepacol Sore Throat Lozenges Maximum Numbing Cherry Sugar Free", "cnid": "1448202022020262054593", "productId": "29798", "size": "16 ct pkg"},
{"thumb": "http://i4.peapod.com/c/KK/KKNHZ.gif", "price": "369", "unit_price": "$.23/ ea", "name": "Cepacol Sore Throat Lozenges Maximum Strength Numbing Honey Lemon", "cnid": "1448202022020262054593", "productId": "127521", "size": "16 ct pkg"},
{"thumb": "http://i4.peapod.com/c/KK/KKNHZ.gif", "price": "999", "unit_price": "$1.00/ ea", "name": "Claritin Allergy 12 Hour RediTabs Non Drowsy", "cnid": "1448202022020262054593", "productId": "160905", "size": "10 ct box"},
{"thumb": "http://i4.peapod.com/c/KK/KKNHZ.gif", "price": "2149", "unit_price": "$.89/ ea", "name": "Claritin Allergy 24 Hour Liqui-Gels Non Drowsy", "cnid": "1448202022020262054593", "productId": "153983", "size": "24 ct box"},
{"thumb": "http://i4.peapod.com/c/KK/KKNHZ.gif", "price": "1899", "unit_price": "$.63/ ea", "name": "Claritin Allergy 24 Hour RediTabs Non Drowsy", "cnid": "1448202022020262054593", "productId": "147917", "size": "30 ct box"},
{"thumb": "http://i4.peapod.com/c/KK/KKNHZ.gif", "price": "1069", "unit_price": "$1.07/ ea", "name": "Claritin Allergy 24 Hour RediTabs Non Drowsy", "cnid": "1448202022020262054593", "productId": "129681", "size": "10 ct box"},
{"thumb": "http://i4.peapod.com/c/KK/KKNHZ.gif", "price": "1899", "unit_price": "$.63/ ea", "name": "Claritin Allergy 24 Hour Tablets Non Drowsy", "cnid": "1448202022020262054593", "productId": "137821", "size": "30 ct box"},
{"thumb": "http://i4.peapod.com/c/KK/KKNHZ.gif", "price": "1069", "unit_price": "$1.07/ ea", "name": "Claritin Allergy 24 Hour Tablets Non Drowsy", "cnid": "1448202022020262054593", "productId": "129677", "size": "10 ct box"},
{"thumb": "http://i4.peapod.com/c/KK/KKNHZ.gif", "price": "2099", "unit_price": "$1.05/ ea", "name": "Claritin Allergy 24 Hour Tablets Non Drowsy", "cnid": "1448202022020262054593", "productId": "129678", "size": "20 ct box"},
{"thumb": "http://i4.peapod.com/c/KK/KKNHZ.gif", "price": "999", "unit_price": "$1.00/ ea", "name": "Claritin Children's Allergy 12 Hour RediTabs Non Drowsy", "cnid": "1448202022020262054593", "productId": "160904", "size": "10 ct box"},
{"thumb": "http://i4.peapod.com/c/KK/KKNHZ.gif", "price": "1949", "unit_price": "$.98/ ea", "name": "Claritin Children's Allergy 24 Hour Grape Flavored Chewables Non Drowsy", "cnid": "1448202022020262054593", "productId": "152198", "size": "20 ct box"},
{"thumb": "http://i4.peapod.com/c/KK/KKNHZ.gif", "price": "1199", "unit_price": "$1.20/ ea", "name": "Claritin Children's Allergy 24 Hour Grape Flavored Chewables Non Drowsy", "cnid": "1448202022020262054593", "productId": "146053", "size": "10 ct box"},
{"thumb": "http://i4.peapod.com/c/KK/KKNHZ.gif", "price": "1199", "unit_price": "$1.20/ ea", "name": "Claritin Children's Allergy 24 Hour RediTabs Non Drowsy", "cnid": "1448202022020262054593", "productId": "145550", "size": "10 ct box"},
{"thumb": "http://i4.peapod.com/c/KK/KKNHZ.gif", "price": "1199", "unit_price": "$3.00/ oz", "name": "Claritin Children's Allergy 24 Hour Syrup Grape Flavored Non Drowsy", "cnid": "1448202022020262054593", "productId": "146052", "size": "4 oz btl"},
{"thumb": "http://i4.peapod.com/c/KK/KKNHZ.gif", "price": "599", "unit_price": "$.33/ ea", "name": "Cold-Eeze Homeopathic Cold Remedy Lozenges Cherry Flavor", "cnid": "1448202022020262054593", "productId": "67875", "size": "18 ct pkg"},
{"thumb": "http://i4.peapod.com/c/KK/KKNHZ.gif", "price": "629", "unit_price": "$.31/ ea", "name": "Coricidin HBP Chest Congestion & Cough Relief Liqui-Gels Softgels", "cnid": "1448202022020262054593", "productId": "148986", "size": "20 ct box"},
{"thumb": "http://i4.peapod.com/c/KK/KKNHZ.gif", "price": "629", "unit_price": "$.31/ ea", "name": "Coricidin HBP Maximum Strength Flu Tablets", "cnid": "1448202022020262054593", "productId": "152930", "size": "20 ct pkg"},
{"thumb": "http://i4.peapod.com/c/KK/KKNHZ.gif", "price": "899", "unit_price": "$3.00/ oz", "name": "Delsym Cough Suppressant 12 Hour Relief Extended Release Grape", "cnid": "1448202022020262054593", "productId": "149340", "size": "3 oz btl"},
{"thumb": "http://i4.peapod.com/c/KK/KKNHZ.gif", "price": "899", "unit_price": "$3.00/ oz", "name": "Delsym Cough Suppressant 12 Hour Relief Extended Release Orange", "cnid": "1448202022020262054593", "productId": "47464", "size": "3 oz btl"},
{"thumb": "http://i4.peapod.com/c/KK/KKNHZ.gif", "price": "599", "unit_price": "$1.50/ oz", "name": "Dimetapp Children's Cold & Allergy Elixir Alcohol Free Grape Flavor", "cnid": "1448202022020262054593", "productId": "125755", "size": "4 oz btl"},
{"thumb": "http://i4.peapod.com/c/KK/KKNHZ.gif", "price": "189", "unit_price": "$.08/ ea", "name": "Halls Breezers Throat Drops Cool Berry", "cnid": "1448202022020262054593", "productId": "130351", "size": "25 ct bag"},
{"thumb": "http://i4.peapod.com/c/KK/KKNHZ.gif", "price": "189", "unit_price": "$.08/ ea", "name": "Halls Cough Drops Black Cherry Flavor Sugar Free", "cnid": "1448202022020262054593", "productId": "34768", "size": "25 ct bag"},
{"thumb": "http://i4.peapod.com/c/KK/KKNHZ.gif", "price": "159", "unit_price": "$.05/ ea", "name": "Halls Cough Drops Menthol Honey Lemon", "cnid": "1448202022020262054593", "productId": "10418", "size": "30 ct bag"},
{"thumb": "http://i4.peapod.com/c/KK/KKNHZ.gif", "price": "159", "unit_price": "$.05/ ea", "name": "Halls Cough Drops Mentholyptus", "cnid": "1448202022020262054593", "productId": "10421", "size": "30 ct bag"},
{"thumb": "http://i4.peapod.com/c/KK/KKNHZ.gif", "price": "159", "unit_price": "$.05/ ea", "name": "Halls Cough Drops Mentholyptus Cherry", "cnid": "1448202022020262054593", "productId": "10417", "size": "30 ct bag"},
{"thumb": "http://i4.peapod.com/c/KK/KKNHZ.gif", "price": "189", "unit_price": "$.08/ ea", "name": "Halls Cough Drops Mentholyptus Mountain Menthol Sugar Free", "cnid": "1448202022020262054593", "productId": "34767", "size": "25 ct bag"},
{"thumb": "http://i4.peapod.com/c/KK/KKNHZ.gif", "price": "100", "unit_price": "$.03/ ea", "name": "Luden's Throat Drops Honey Licorice", "cnid": "1448202022020262054593", "productId": "147825", "size": "30 ct bag"},
{"thumb": "http://i4.peapod.com/c/KK/KKNHZ.gif", "price": "100", "unit_price": "$.03/ ea", "name": "Luden's Throat Drops Wild Cherry", "cnid": "1448202022020262054593", "productId": "38520", "size": "30 ct bag"},
{"thumb": "http://i4.peapod.com/c/KK/KKNHZ.gif", "price": "1129", "unit_price": "$.56/ ea", "name": "Mucinex Chest Congestion 12 Hour Extended Release Tablets", "cnid": "1448202022020262054593", "productId": "139370", "size": "20 ct box"},
{"thumb": "http://i4.peapod.com/c/KK/KKNHZ.gif", "price": "2299", "unit_price": "$.82/ ea", "name": "Mucinex Chest Congestion 12 Hour Maximum Strength Extended Release Tablets", "cnid": "1448202022020262054593", "productId": "163769", "size": "28 ct box"},
{"thumb": "http://i4.peapod.com/c/KK/KKNHZ.gif", "price": "999", "unit_price": "$2.50/ oz", "name": "Mucinex Children's Cough Suppressant Cherry Flavor Liquid", "cnid": "1448202022020262054593", "productId": "148115", "size": "4 oz pkg"},
{"thumb": "http://i4.peapod.com/c/KK/KKNHZ.gif", "price": "899", "unit_price": "$.75/ ea", "name": "Mucinex Children's Cough Suppressant Orange Creme Flavor Mini-Melts", "cnid": "1448202022020262054593", "productId": "154126", "size": "12 ct box"},
{"thumb": "http://i4.peapod.com/c/KK/KKNHZ.gif", "price": "1399", "unit_price": "$1.00/ ea", "name": "Mucinex DM Chest Congestion 12 Hour Maximum Strength Tablets", "cnid": "1448202022020262054593", "productId": "156938", "size": "14 ct box"},
{"thumb": "http://i4.peapod.com/c/KK/KKNHZ.gif", "price": "2299", "unit_price": "$.57/ ea", "name": "Mucinex DM Cough & Chest Congestion 12 Hour Maximum Strength Tablets", "cnid": "1448202022020262054593", "productId": "162779", "size": "40 ct box"},
{"thumb": "http://i4.peapod.com/c/KK/KKNHZ.gif", "price": "1499", "unit_price": "$1.07/ ea", "name": "Mucinex DM Cough & Chest Congestion 12 Hour Maximum Strength Tablets", "cnid": "1448202022020262054593", "productId": "149357", "size": "14 ct box"},
{"thumb": "http://i4.peapod.com/c/KK/KKNHZ.gif", "price": "1399", "unit_price": "$.70/ ea", "name": "Mucinex DM Expectorant/Cough Suppressant 12 Hour Extended Release Tablets", "cnid": "1448202022020262054593", "productId": "139618", "size": "20 ct box"},
{"thumb": "http://i4.peapod.com/c/KK/KKNHZ.gif", "price": "899", "unit_price": "$1.50/ oz", "name": "Mucinex Fast-Max Cold, Flu & Sore Throat Maximum Strength Liquid", "cnid": "1448202022020262054593", "productId": "170546", "size": "6 oz btl"},
{"thumb": "http://i4.peapod.com/c/KK/KKNHZ.gif", "price": "899", "unit_price": "$1.50/ oz", "name": "Mucinex Fast-Max Cold & Sinus Multi Symptom Maximum Strength Liquid", "cnid": "1448202022020262054593", "productId": "170547", "size": "6 oz btl"},
{"thumb": "http://i4.peapod.com/c/KK/KKNHZ.gif", "price": "899", "unit_price": "$1.50/ oz", "name": "Mucinex Fast-Max Severe Congestion & Cough Maximum Strength Liquid", "cnid": "1448202022020262054593", "productId": "170545", "size": "6 oz btl"},
{"thumb": "http://i4.peapod.com/c/KK/KKNHZ.gif", "price": "599", "unit_price": "$11.98/ oz", "name": "Neo-Synephrine Nasal Decongestant Regular Strength Non Drowsy Spray", "cnid": "1448202022020262054593", "productId": "38662", "size": ".5 oz btl"},
{"thumb": "http://i4.peapod.com/c/KK/KKNHZ.gif", "price": "150", "unit_price": "$.07/ ea", "name": "Ricola Cough Drops Original Natural Herb", "cnid": "1448202022020262054593", "productId": "21900", "size": "21 ct pkg"},
{"thumb": "http://i4.peapod.com/c/KK/KKNHZ.gif", "price": "150", "unit_price": "$.06/ ea", "name": "Ricola Herb Throat Drops Lemon Mint Natural", "cnid": "1448202022020262054593", "productId": "163934", "size": "24 ct bag"},
{"thumb": "http://i4.peapod.com/c/KK/KKNHZ.gif", "price": "150", "unit_price": "$.08/ ea", "name": "Ricola Throat Drops Lemon Mint Sugar Free", "cnid": "1448202022020262054593", "productId": "149362", "size": "19 ct bag"},
{"thumb": "http://i4.peapod.com/c/KK/KKNHZ.gif", "price": "899", "unit_price": "$1.12/ oz", "name": "Robitussin Peak Cold Cough+Chest Congestion DM Adult Max Strength Syrup", "cnid": "1448202022020262054593", "productId": "156063", "size": "8 oz btl"},
{"thumb": "http://i4.peapod.com/c/KK/KKNHZ.gif", "price": "699", "unit_price": "$.44/ ea", "name": "Vicks DayQuil Cold & Flu Multi-Symptom Relief LiquiCaps", "cnid": "1448202022020262054593", "productId": "144993", "size": "16 ct box"},
{"thumb": "http://i4.peapod.com/c/KK/KKNHZ.gif", "price": "599", "unit_price": "$.50/ oz", "name": "Vicks DayQuil Cold & Flu Multi-Symptom Relief Liquid", "cnid": "1448202022020262054593", "productId": "142145", "size": "12 oz btl"},
{"thumb": "http://i4.peapod.com/c/KK/KKNHZ.gif", "price": "599", "unit_price": "$.25/ ea", "name": "Vicks DayQuil Cold & Flu Multi-Symptom Relief Non Drowsy LiquiCaps", "cnid": "1448202022020262054593", "productId": "162180", "size": "24 ct box"},
{"thumb": "http://i4.peapod.com/c/KK/KKNHZ.gif", "price": "599", "unit_price": "$.75/ oz", "name": "Vicks Nature Fusion Cold & Flu Nighttime Relief Acetaminophen", "cnid": "1448202022020262054593", "productId": "177898", "size": "8 oz btl"},
{"thumb": "http://i4.peapod.com/c/KK/KKNHZ.gif", "price": "599", "unit_price": "$.75/ oz", "name": "Vicks Nature Fusion Cough & Chest Congestion Expectorant Non Drowsy", "cnid": "1448202022020262054593", "productId": "177897", "size": "8 oz btl"},
{"thumb": "http://i4.peapod.com/c/KK/KKNHZ.gif", "price": "599", "unit_price": "$.75/ oz", "name": "Vicks Nature Fusion Cough Suppressant", "cnid": "1448202022020262054593", "productId": "177896", "size": "8 oz btl"},
{"thumb": "http://i4.peapod.com/c/KK/KKNHZ.gif", "price": "699", "unit_price": "$.87/ oz", "name": "Vicks NyQuil Cold & Flu Nighttime Relief Cherry", "cnid": "1448202022020262054593", "productId": "10475", "size": "8 oz btl"},
{"thumb": "http://i4.peapod.com/c/KK/KKNHZ.gif", "price": "599", "unit_price": "$.25/ ea", "name": "Vicks NyQuil Cold & Flu Nighttime Relief LiquiCaps", "cnid": "1448202022020262054593", "productId": "76510", "size": "24 ct box"},
{"thumb": "http://i4.peapod.com/c/KK/KKNHZ.gif", "price": "599", "unit_price": "$.50/ oz", "name": "Vicks NyQuil Cold & Flu Nighttime Relief Liquid", "cnid": "1448202022020262054593", "productId": "43945", "size": "12 oz btl"},
{"thumb": "http://i4.peapod.com/c/KK/KKNHZ.gif", "price": "699", "unit_price": "$.87/ oz", "name": "Vicks NyQuil Cold & Flu Nighttime Relief Original Flavor", "cnid": "1448202022020262054593", "productId": "10471", "size": "8 oz btl"},
{"thumb": "http://i4.peapod.com/c/KK/KKNHZ.gif", "price": "599", "unit_price": "$.50/ oz", "name": "Vicks NyQuil Cold & Flu Nighttime Relief Vanilla Cherry Swirl Flavor", "cnid": "1448202022020262054593", "productId": "177928", "size": "12 oz btl"},
{"thumb": "http://i4.peapod.com/c/KK/KKNHZ.gif", "price": "1899", "unit_price": "$.76/ ea", "name": "Zyrtec Allergy Relief 24-Hour 10 mg Liquid Gels", "cnid": "1448202022020262054593", "productId": "158580", "size": "25 ct pkg"},
{"thumb": "http://i4.peapod.com/c/KK/KKNHZ.gif", "price": "1399", "unit_price": "$1.00/ ea", "name": "Zyrtec Allergy Relief 24-Hour 10 mg Tablets", "cnid": "1448202022020262054593", "productId": "148617", "size": "14 ct pkg"},
{"thumb": "http://i4.peapod.com/c/KK/KKNHZ.gif", "price": "649", "unit_price": "$1.30/ ea", "name": "Zyrtec Allergy Relief 24-Hour 10 mg Tablets", "cnid": "1448202022020262054593", "productId": "148619", "size": "5 ct box"},
{"thumb": "http://i4.peapod.com/c/KK/KKNHZ.gif", "price": "1899", "unit_price": "$.63/ ea", "name": "Zyrtec Allergy Relief 24-Hour 10 mg Tablets", "cnid": "1448202022020262054593", "productId": "148618", "size": "30 ct pkg"},
{"thumb": "http://i4.peapod.com/c/KK/KKNHZ.gif", "price": "1149", "unit_price": "$.18/ ea", "name": "Glad ForceFlex Kitchen Bags Drawstring Tall 13 Gallon", "cnid": "1558", "productId": "157798", "size": "65 ct box"},
{"thumb": "http://i4.peapod.com/c/KK/KKNHZ.gif", "price": "815", "unit_price": "$.18/ ea", "name": "Glad Kitchen Bags Drawstring Tall 13 Gallon", "cnid": "1558", "productId": "119132", "size": "45 ct box"},
{"thumb": "http://i4.peapod.com/c/KK/KKNHZ.gif", "price": "815", "unit_price": "$.20/ ea", "name": "Glad OdorShield Kitchen Bags Drawstring Tall Fresh Clean Scent 13 Gallon", "cnid": "1558", "productId": "14796", "size": "40 ct box"},
{"thumb": "http://i4.peapod.com/c/KK/KKNHZ.gif", "price": "815", "unit_price": "$.10/ ea", "name": "Glad Quick-Tie Kitchen Bags Tall 13 Gallon", "cnid": "1558", "productId": "42525", "size": "80 ct box"},
{"thumb": "http://i4.peapod.com/c/KK/KKNHZ.gif", "price": "774", "unit_price": "$.17/ ea", "name": "Hefty CinchSak Kitchen Bags Drawstring Tall w/Unscented Odor Block 13 Gal", "cnid": "1558", "productId": "74094", "size": "45 ct box"},
{"thumb": "http://i4.peapod.com/c/KK/KKNHZ.gif", "price": "799", "unit_price": "$.40/ ea", "name": "Hefty CinchSak Trash Bags Large 30 Gallon", "cnid": "1558", "productId": "678", "size": "20 ct box"},
{"thumb": "http://i4.peapod.com/c/KK/KKNHZ.gif", "price": "335", "unit_price": "$.67/ ea", "name": "Stop & Shop Lawn & Leaf Bags Paper 30 Gallon", "cnid": "1558", "productId": "142749", "size": "5 ct pkg"},
{"thumb": "http://i4.peapod.com/c/KK/KKNHZ.gif", "price": "649", "unit_price": "$.16/ ea", "name": "Stop & Shop Outdoor Bags Flap Tie 30 Gallon", "cnid": "1558", "productId": "146246", "size": "40 ct box"},
{"thumb": "http://i4.peapod.com/c/KK/KKNHZ.gif", "price": "429", "unit_price": "$.20/ ea", "name": "Stop & Shop Outdoor Trash Bags Flap Tie 30 Gallon", "cnid": "1558", "productId": "58659", "size": "21 ct box"},
{"thumb": "http://i4.peapod.com/c/KK/KKNHZ.gif", "price": "219", "unit_price": "$.07/ ea", "name": "Stop & Shop Pure Power Garbage Bags Twist Tie Small 4 Gallon", "cnid": "1558", "productId": "58662", "size": "30 ct box"},
{"thumb": "http://i4.peapod.com/c/KK/KKNHZ.gif", "price": "1599", "unit_price": "$.13/ ea", "name": "Stop & Shop Pure Power Kitchen Bags Tall with Tie Flaps 13 Gallon", "cnid": "1558", "productId": "145057", "size": "120 ct pkg"},
{"thumb": "http://i4.peapod.com/c/KK/KKNHZ.gif", "price": "219", "unit_price": "$.12/ ea", "name": "Stop & Shop Waste Basket Bags Medium 8 Gallon", "cnid": "1558", "productId": "68902", "size": "18 ct box"},
{"thumb": "http://i4.peapod.com/c/KK/KKNHZ.gif", "price": "365", "unit_price": "$.02/ ea", "name": "Bounty Quilted Napkins 1-Ply (White or Prints May Be Received)", "cnid": "1544", "productId": "122963", "size": "200 ct pkg"},
{"thumb": "http://i4.peapod.com/c/KK/KKNHZ.gif", "price": "365", "unit_price": "$.02/ ea", "name": "Bounty Quilted Napkins 1-Ply Signature Prints", "cnid": "1544", "productId": "125437", "size": "160 ct pkg"},
{"thumb": "http://i4.peapod.com/c/KK/KKNHZ.gif", "price": "659", "unit_price": "$.02/ ea", "name": "Bounty Quilted Napkins 1-Ply White", "cnid": "1544", "productId": "172373", "size": "400 ct pkg"},
{"thumb": "http://i4.peapod.com/c/KK/KKNHZ.gif", "price": "300", "unit_price": "$.30/ ea", "name": "Chinet Comfort Cup Hot Cups & Lids Decorated 16 oz", "cnid": "1544", "productId": "153660", "size": "10 ct pkg"},
{"thumb": "http://i4.peapod.com/c/KK/KKNHZ.gif", "price": "659", "unit_price": "$.21/ ea", "name": "Chinet Paper Plates Dinner Classic White 10 3/8 Inch", "cnid": "1544", "productId": "50243", "size": "32 ct pkg"},
{"thumb": "http://i4.peapod.com/c/KK/KKNHZ.gif", "price": "200", "unit_price": "$2.00/ ea", "name": "Chinet Tablecover Paper Classic White 3-Ply 54 X 108 Inch", "cnid": "1544", "productId": "123716", "size": "1 ct pkg"},
{"thumb": "http://i4.peapod.com/c/KK/KKNHZ.gif", "price": "359", "unit_price": "$.02/ ea", "name": "Dixie Bath Cups Paper 3 oz", "cnid": "1544", "productId": "5850", "size": "200 ct box"},
{"thumb": "http://i4.peapod.com/c/KK/KKNHZ.gif", "price": "379", "unit_price": "$.04/ ea", "name": "Dixie Bath Cups Paper 5 oz (Designs May Vary)", "cnid": "1544", "productId": "5851", "size": "100 ct box"},
{"thumb": "http://i4.peapod.com/c/KK/KKNHZ.gif", "price": "319", "unit_price": "$.06/ ea", "name": "Dixie Cold Cups Paper Decorated 9 oz", "cnid": "1544", "productId": "131249", "size": "54 ct pkg"},
{"thumb": "http://i4.peapod.com/c/KK/KKNHZ.gif", "price": "549", "unit_price": "$.11/ ea", "name": "Dixie Paper Plates Soak Proof Shield Decorated 10 1/16 Inch", "cnid": "1544", "productId": "180629", "size": "50 ct pkg"},
{"thumb": "http://i4.peapod.com/c/KK/KKNHZ.gif", "price": "549", "unit_price": "$.06/ ea", "name": "Dixie Paper Plates Soak Proof Shield Decorated 8 1/2 Inch", "cnid": "1544", "productId": "125405", "size": "95 ct pkg"},
{"thumb": "http://i4.peapod.com/c/KK/KKNHZ.gif", "price": "525", "unit_price": "$.20/ ea", "name": "Dixie PerfecTouch Grab'n Go Cups & Lids 12 oz", "cnid": "1544", "productId": "188696", "size": "26 ct pkg"},
{"thumb": "http://i4.peapod.com/c/KK/KKNHZ.gif", "price": "369", "unit_price": "$.26/ ea", "name": "Dixie PerfecTouch Grab'N Go Cups & Lids 12 oz", "cnid": "1544", "productId": "123621", "size": "14 ct pkg"},
{"thumb": "http://i4.peapod.com/c/KK/KKNHZ.gif", "price": "549", "unit_price": "$.14/ ea", "name": "Dixie Ultra Paper Plates Soak Proof Decorated Family Pack 10 1/4 Inch", "cnid": "1544", "productId": "110294", "size": "40 ct pkg"},
{"thumb": "http://i4.peapod.com/c/KK/KKNHZ.gif", "price": "319", "unit_price": "$.16/ ea", "name": "Dixie Ultra Paper Plates Soak Proof Shield Decorated 10 1/16 Inch", "cnid": "1544", "productId": "148774", "size": "20 ct pkg"},
{"thumb": "http://i4.peapod.com/c/KK/KKNHZ.gif", "price": "125", "unit_price": "$.02/ ea", "name": "Guaranteed Value Paper Plates Uncoated 9 Inch", "cnid": "1544", "productId": "153082", "size": "70 ct pkg"},
{"thumb": "http://i4.peapod.com/c/KK/KKNHZ.gif", "price": "510", "unit_price": "$.01/ ea", "name": "Mardi Gras Napkins1-Ply White", "cnid": "1544", "productId": "128446", "size": "500 ct pkg"},
{"thumb": "http://i4.peapod.com/c/KK/KKNHZ.gif", "price": "150", "unit_price": "$.01/ ea", "name": "Smart Living Drinking Straws Flex", "cnid": "1544", "productId": "161124", "size": "100 ct pkg"},
{"thumb": "http://i4.peapod.com/c/KK/KKNHZ.gif", "price": "529", "unit_price": "$.11/ ea", "name": "Solo SoloGrips Cups Plastic 18 oz (Colors May Vary)", "cnid": "1544", "productId": "145044", "size": "50 ct pkg"},
{"thumb": "http://i4.peapod.com/c/KK/KKNHZ.gif", "price": "629", "unit_price": "$.21/ ea", "name": "Solo Squared Plastic Plates 10.25 Inch (Colors May Vary)", "cnid": "1544", "productId": "159797", "size": "30 ct pkg"},
{"thumb": "http://i4.peapod.com/c/KK/KKNHZ.gif", "price": "629", "unit_price": "$.16/ ea", "name": "Solo Squared Plastic Plates 9 Inch (Colors May Vary)", "cnid": "1544", "productId": "159798", "size": "40 ct pkg"},
{"thumb": "http://i4.peapod.com/c/KK/KKNHZ.gif", "price": "299", "unit_price": "$.01/ ea", "name": "Stop & Shop Bathroom Cups Dinosaur Paper Refill 3 oz", "cnid": "1544", "productId": "146242", "size": "200 ct pkg"},
{"thumb": "http://i4.peapod.com/c/KK/KKNHZ.gif", "price": "279", "unit_price": "$.05/ ea", "name": "Stop & Shop Cold Beverage Cups Designer Plastic Translucent 9 oz", "cnid": "1544", "productId": "56748", "size": "60 ct pkg"},
{"thumb": "http://i4.peapod.com/c/KK/KKNHZ.gif", "price": "279", "unit_price": "$.04/ ea", "name": "Stop & Shop Cold Beverage Cups Plastic Translucent 7 oz", "cnid": "1544", "productId": "56914", "size": "80 ct pkg"},
{"thumb": "http://i4.peapod.com/c/KK/KKNHZ.gif", "price": "419", "unit_price": "$.08/ ea", "name": "Stop & Shop Cold Beverage Party Cups Plastic 16 oz (Colors May Vary)", "cnid": "1544", "productId": "125429", "size": "50 ct pkg"},
{"thumb": "http://i4.peapod.com/c/KK/KKNHZ.gif", "price": "150", "unit_price": "$.08/ ea", "name": "Stop & Shop Cold Beverage Party Cups Plastic 16 oz (Colors May Vary)", "cnid": "1544", "productId": "118838", "size": "20 ct pkg"},
{"thumb": "http://i4.peapod.com/c/KK/KKNHZ.gif", "price": "299", "unit_price": "$.06/ ea", "name": "Stop & Shop Cold Beverage Party Cups Plastic 9 oz", "cnid": "1544", "productId": "162974", "size": "50 ct pkg"},
{"thumb": "http://i4.peapod.com/c/KK/KKNHZ.gif", "price": "269", "unit_price": "$.02/ ea", "name": "Stop & Shop Designer Cups Cold Beverage Plastic Translucent 3 oz", "cnid": "1544", "productId": "118836", "size": "150 ct pkg"},
{"thumb": "http://i4.peapod.com/c/KK/KKNHZ.gif", "price": "179", "unit_price": "$.05/ ea", "name": "Stop & Shop Elegant Dinner Napkins 3-Ply White", "cnid": "1544", "productId": "56909", "size": "40 ct pkg"},
{"thumb": "http://i4.peapod.com/c/KK/KKNHZ.gif", "price": "879", "unit_price": "$.05/ ea", "name": "Stop & Shop Elegant Flatware Forks, Spoons & Knives Plastic Crystal Clear", "cnid": "1544", "productId": "145089", "size": "180 ct box"},
{"thumb": "http://i4.peapod.com/c/KK/KKNHZ.gif", "price": "169", "unit_price": "$.07/ ea", "name": "Stop & Shop Elegant Forks Plastic Crystal Clear Dishwasher Safe", "cnid": "1544", "productId": "58686", "size": "24 ct box"},
{"thumb": "http://i4.peapod.com/c/KK/KKNHZ.gif", "price": "179", "unit_price": "$.02/ ea", "name": "Stop & Shop Elegant Luncheon Napkins 2-Ply", "cnid": "1544", "productId": "56910", "size": "100 ct pkg"},
{"thumb": "http://i4.peapod.com/c/KK/KKNHZ.gif", "price": "169", "unit_price": "$.07/ ea", "name": "Stop & Shop Elegant Spoons Plastic Crystal Clear Dishwasher Safe", "cnid": "1544", "productId": "58685", "size": "24 ct box"},
{"thumb": "http://i4.peapod.com/c/KK/KKNHZ.gif", "price": "200", "unit_price": "$.04/ ea", "name": "Stop & Shop Hot & Cold Beverage Cups Designer Coated Paper 9 oz", "cnid": "1544", "productId": "56912", "size": "50 ct pkg"},
{"thumb": "http://i4.peapod.com/c/KK/KKNHZ.gif", "price": "119", "unit_price": "$.02/ ea", "name": "Stop & Shop Hot & Cold Beverage Cups Insulated Small Foam White 8 oz", "cnid": "1544", "productId": "58694", "size": "51 ct pkg"},
{"thumb": "http://i4.peapod.com/c/KK/KKNHZ.gif", "price": "200", "unit_price": "$.06/ ea", "name": "Stop & Shop Paper Bowls Designer 12 oz", "cnid": "1544", "productId": "122111", "size": "35 ct pkg"},
{"thumb": "http://i4.peapod.com/c/KK/KKNHZ.gif", "price": "429", "unit_price": "$.03/ ea", "name": "Stop & Shop Paper Plates Coated White 9 Inch", "cnid": "1544", "productId": "58467", "size": "150 ct pkg"},
{"thumb": "http://i4.peapod.com/c/KK/KKNHZ.gif", "price": "319", "unit_price": "$.03/ ea", "name": "Stop & Shop Paper Plates Coated White 9 Inch", "cnid": "1544", "productId": "58465", "size": "100 ct pkg"},
{"thumb": "http://i4.peapod.com/c/KK/KKNHZ.gif", "price": "200", "unit_price": "$.04/ ea", "name": "Stop & Shop Paper Plates Decorated 8.62 Inch", "cnid": "1544", "productId": "81182", "size": "45 ct pkg"},
{"thumb": "http://i4.peapod.com/c/KK/KKNHZ.gif", "price": "200", "unit_price": "$.08/ ea", "name": "Stop & Shop Paper Plates Designer 10.25 Inch", "cnid": "1544", "productId": "162972", "size": "24 ct pkg"},
{"thumb": "http://i4.peapod.com/c/KK/KKNHZ.gif", "price": "200", "unit_price": "$.04/ ea", "name": "Stop & Shop Paper Plates Designer 6.87 Inch", "cnid": "1544", "productId": "81183", "size": "48 ct pkg"},
{"thumb": "http://i4.peapod.com/c/KK/KKNHZ.gif", "price": "349", "unit_price": "$.04/ ea", "name": "Stop & Shop Paper Plates Designer 8.62 Inch", "cnid": "1544", "productId": "137576", "size": "100 ct pkg"},
{"thumb": "http://i4.peapod.com/c/KK/KKNHZ.gif", "price": "129", "unit_price": "$.00/ ea", "name": "Stop & Shop Party Picks Wood Toothpicks Colored", "cnid": "1544", "productId": "136128", "size": "250 ct jar"},
{"thumb": "http://i4.peapod.com/c/KK/KKNHZ.gif", "price": "225", "unit_price": "$.01/ ea", "name": "Stop & Shop Pure Power Napkins 1-Ply White", "cnid": "1544", "productId": "56905", "size": "250 ct pkg"},
{"thumb": "http://i4.peapod.com/c/KK/KKNHZ.gif", "price": "159", "unit_price": "$.02/ ea", "name": "Stop & Shop Straws Flexible Neon", "cnid": "1544", "productId": "118178", "size": "100 ct pkg"},
{"thumb": "http://i4.peapod.com/c/KK/KKNHZ.gif", "price": "79", "unit_price": "$.00/ ea", "name": "Stop & Shop Toothpicks Rounded Wood", "cnid": "1544", "productId": "136129", "size": "250 ct box"},
{"thumb": "http://i4.peapod.com/c/KK/KKNHZ.gif", "price": "279", "unit_price": "$.17/ ea", "name": "Stop & Shop Travel Cups Insulated with Lids 12 oz", "cnid": "1544", "productId": "185338", "size": "16 ct pkg"},
{"thumb": "http://i4.peapod.com/c/KK/KKNHZ.gif", "price": "399", "unit_price": "$.22/ ea", "name": "Vanity Fair Everyday Premium Paper Bowls Soakproof White 20 oz", "cnid": "1544", "productId": "124762", "size": "18 ct pkg"},
{"thumb": "http://i4.peapod.com/c/KK/KKNHZ.gif", "price": "229", "unit_price": "$.06/ ea", "name": "Vanity Fair Premium Dinner Napkins 3-Ply", "cnid": "1544", "productId": "5848", "size": "40 ct pkg"},
{"thumb": "http://i4.peapod.com/c/KK/KKNHZ.gif", "price": "429", "unit_price": "$.02/ ea", "name": "Vanity Fair Premium Everyday Napkins 2-Ply", "cnid": "1544", "productId": "119104", "size": "200 ct pkg"},
{"thumb": "http://i4.peapod.com/c/KK/KKNHZ.gif", "price": "229", "unit_price": "$.02/ ea", "name": "Vanity Fair Premium Everyday Napkins 2-Ply", "cnid": "1544", "productId": "5847", "size": "100 ct pkg"},
{"thumb": "http://i4.peapod.com/c/KK/KKNHZ.gif", "price": "229", "unit_price": "$.06/ ea", "name": "Vanity Fair Premium Napkins 3-Ply with Dispenser", "cnid": "1544", "productId": "146037", "size": "40 ct pkg"},
{"thumb": "http://i4.peapod.com/c/KK/KKNHZ.gif", "price": "319", "unit_price": "$.08/ ea", "name": "Wet Ones Antibacterial Hands Wipes Fresh Scent", "cnid": "1544", "productId": "88932", "size": "40 ct pkg"},
{"thumb": "http://i4.peapod.com/c/KK/KKNHZ.gif", "price": "319", "unit_price": "$.08/ ea", "name": "Wet Ones Antibacterial Hand Wipes Citrus Scent", "cnid": "1544", "productId": "21771", "size": "40 ct pkg"},
{"thumb": "http://i4.peapod.com/c/KK/KKNHZ.gif", "price": "549", "unit_price": "$1.56/ 100sf", "name": "Angel Soft Bath Tissue Double Roll 2-Ply Unscented", "cnid": "1536", "productId": "114314", "size": "12 ct pkg"},
{"thumb": "http://i4.peapod.com/c/KK/KKNHZ.gif", "price": "549", "unit_price": "$1.56/ 100sf", "name": "Angel Soft Bath Tissue Triple Roll 2-Ply Unscented", "cnid": "1536", "productId": "155526", "size": "8 ct pkg"},
{"thumb": "http://i4.peapod.com/c/KK/KKNHZ.gif", "price": "209", "unit_price": "$4.18/ 100sf", "name": "Bounty Paper Towels 2-Ply White", "cnid": "1536", "productId": "12580", "size": "1 ct pkg"},
{"thumb": "http://i4.peapod.com/c/KK/KKNHZ.gif", "price": "1299", "unit_price": "$2.84/ 100sf", "name": "Bounty Paper Towels Giant Roll 2-Ply White", "cnid": "1536", "productId": "158162", "size": "8 ct pkg"},
{"thumb": "http://i4.peapod.com/c/KK/KKNHZ.gif", "price": "999", "unit_price": "$1.75/ 100sf", "name": "Bounty Paper Towels Regular Roll 2-Ply White", "cnid": "1536", "productId": "122274", "size": "15 ct pkg"},
{"thumb": "http://i4.peapod.com/c/KK/KKNHZ.gif", "price": "365", "unit_price": "$.02/ ea", "name": "Bounty Quilted Napkins 1-Ply (White or Prints May Be Received)", "cnid": "1536", "productId": "122963", "size": "200 ct pkg"},
{"thumb": "http://i4.peapod.com/c/KK/KKNHZ.gif", "price": "365", "unit_price": "$.02/ ea", "name": "Bounty Quilted Napkins 1-Ply Signature Prints", "cnid": "1536", "productId": "125437", "size": "160 ct pkg"},
{"thumb": "http://i4.peapod.com/c/KK/KKNHZ.gif", "price": "659", "unit_price": "$.02/ ea", "name": "Bounty Quilted Napkins 1-Ply White", "cnid": "1536", "productId": "172373", "size": "400 ct pkg"},
{"thumb": "http://i4.peapod.com/c/KK/KKNHZ.gif", "price": "209", "unit_price": "$4.10/ 100sf", "name": "Bounty Select-a-Size Paper Towels 2-Ply White", "cnid": "1536", "productId": "17693", "size": "1 ct pkg"},
{"thumb": "http://i4.peapod.com/c/KK/KKNHZ.gif", "price": "1299", "unit_price": "$3.06/ 100sf", "name": "Bounty Select-a-Size Paper Towels Giant Roll 2-Ply White", "cnid": "1536", "productId": "116818", "size": "8 ct pkg"},
{"thumb": "http://i4.peapod.com/c/KK/KKNHZ.gif", "price": "999", "unit_price": "$1.89/ 100sf", "name": "Bounty Select-a-Size Paper Towels Regular Roll 2-Ply White", "cnid": "1536", "productId": "140730", "size": "15 ct pkg"},
{"thumb": "http://i4.peapod.com/c/KK/KKNHZ.gif", "price": "899", "unit_price": "$2.80/ 100sf", "name": "Brawny Paper Towels 2-Ply White", "cnid": "1536", "productId": "113725", "size": "8 ct pkg"},
{"thumb": "http://i4.peapod.com/c/KK/KKNHZ.gif", "price": "449", "unit_price": "$2.92/ 100sf", "name": "Brawny Paper Towels Pick-A-Size Big Rolls 2-Ply White", "cnid": "1536", "productId": "170919", "size": "3 ct pkg"},
{"thumb": "http://i4.peapod.com/c/KK/KKNHZ.gif", "price": "899", "unit_price": "$3.21/ 100sf", "name": "Brawny Pick-A-Size Paper Towels Big Rolls 2-Ply White", "cnid": "1536", "productId": "146047", "size": "6 ct pkg"},
{"thumb": "http://i4.peapod.com/c/KK/KKNHZ.gif", "price": "999", "unit_price": "$1.76/ 100sf", "name": "Charmin Ultra Bath Tissue Mega Roll 2-Ply Unscented", "cnid": "1536", "productId": "138171", "size": "12 ct pkg"},
{"thumb": "http://i4.peapod.com/c/KK/KKNHZ.gif", "price": "489", "unit_price": "$3.91/ 100sf", "name": "Charmin Ultra Soft Bath Tissue Double Roll 2-Ply Unscented", "cnid": "1536", "productId": "163283", "size": "6 ct pkg"},
{"thumb": "http://i4.peapod.com/c/KK/KKNHZ.gif", "price": "1379", "unit_price": "$3.67/ 100sf", "name": "Charmin Ultra Soft Bath Tissue Double Roll 2-Ply Unscented", "cnid": "1536", "productId": "163284", "size": "18 ct pkg"},
{"thumb": "http://i4.peapod.com/c/KK/KKNHZ.gif", "price": "915", "unit_price": "$3.64/ 100sf", "name": "Charmin Ultra Soft Bath Tissue Double Roll 2-Ply Unscented", "cnid": "1536", "productId": "102095", "size": "12 ct pkg"},
{"thumb": "http://i4.peapod.com/c/KK/KKNHZ.gif", "price": "999", "unit_price": "$1.99/ 100sf", "name": "Charmin Ultra Soft Bath Tissue Double Roll 2-Ply Unscented", "cnid": "1536", "productId": "138170", "size": "24 ct pkg"},
{"thumb": "http://i4.peapod.com/c/KK/KKNHZ.gif", "price": "999", "unit_price": "$1.99/ 100sf", "name": "Charmin Ultra Strong Bath Tissue Double Roll 2-Ply Unscented", "cnid": "1536", "productId": "128529", "size": "24 ct pkg"},
{"thumb": "http://i4.peapod.com/c/KK/KKNHZ.gif", "price": "999", "unit_price": "$1.76/ 100sf", "name": "Charmin Ultra Strong Bath Tissue Mega Roll 2-Ply Unscented", "cnid": "1536", "productId": "151081", "size": "12 ct pkg"},
{"thumb": "http://i4.peapod.com/c/KK/KKNHZ.gif", "price": "999", "unit_price": "$3.10/ 100sf", "name": "Cottonelle Bath Tissue Double Roll 1-Ply", "cnid": "1536", "productId": "88704", "size": "12 ct pkg"},
{"thumb": "http://i4.peapod.com/c/KK/KKNHZ.gif", "price": "615", "unit_price": "$.04/ ea", "name": "Cottonelle Fresh Moist Wipes Flushable Pop-Up Refill", "cnid": "1536", "productId": "138228", "size": "140 ct pkg"},
{"thumb": "http://i4.peapod.com/c/KK/KKNHZ.gif", "price": "565", "unit_price": "$3.12/ 100sf", "name": "Cottonelle Gentle Care with Aloe & E Bath Tissue Double Roll 1-Ply", "cnid": "1536", "productId": "50871", "size": "6 ct pkg"},
{"thumb": "http://i4.peapod.com/c/KK/KKNHZ.gif", "price": "379", "unit_price": "$.05/ ea", "name": "Cottonelle Moist Wipes Flushable Refill 42 ct ea - 2 pk", "cnid": "1536", "productId": "117161", "size": "84 ct pkg"},
{"thumb": "http://i4.peapod.com/c/KK/KKNHZ.gif", "price": "365", "unit_price": "$.18/ ea", "name": "Cottonelle Moist Wipes Flushable Take-Along Singles", "cnid": "1536", "productId": "151479", "size": "20 ct pkg"},
{"thumb": "http://i4.peapod.com/c/KK/KKNHZ.gif", "price": "285", "unit_price": "$.07/ ea", "name": "Cottonelle Pop-up Wipes Flushable", "cnid": "1536", "productId": "43147", "size": "42 ct bin"},
{"thumb": "http://i4.peapod.com/c/KK/KKNHZ.gif", "price": "999", "unit_price": "$3.33/ 100sf", "name": "Cottonelle Ultra Bath Tissue Double Roll 2-Ply Unscented", "cnid": "1536", "productId": "134597", "size": "12 ct pkg"},
{"thumb": "http://i4.peapod.com/c/KK/KKNHZ.gif", "price": "199", "unit_price": "$.01/ ea", "name": "Kleenex Colors Facial Tissues 2-Ply (Colors May Vary)", "cnid": "1536", "productId": "3402", "size": "174 ct box"},
{"thumb": "http://i4.peapod.com/c/KK/KKNHZ.gif", "price": "199", "unit_price": "$.02/ ea", "name": "Kleenex Expressions Facial Tissues 2-Ply White Assorted Designs", "cnid": "1536", "productId": "46965", "size": "84 ct box"},
{"thumb": "http://i4.peapod.com/c/KK/KKNHZ.gif", "price": "199", "unit_price": "$.02/ ea", "name": "Kleenex Facial Tissues 2-Ply Assorted Colors & Designs", "cnid": "1536", "productId": "3396", "size": "90 ct box"},
{"thumb": "http://i4.peapod.com/c/KK/KKNHZ.gif", "price": "199", "unit_price": "$.01/ ea", "name": "Kleenex Facial Tissues 2-Ply White", "cnid": "1536", "productId": "3401", "size": "184 ct box"},
{"thumb": "http://i4.peapod.com/c/KK/KKNHZ.gif", "price": "355", "unit_price": "$.01/ ea", "name": "Kleenex Facial Tissues 2-Ply White Family Size", "cnid": "1536", "productId": "17518", "size": "240 ct box"},
{"thumb": "http://i4.peapod.com/c/KK/KKNHZ.gif", "price": "565", "unit_price": "$.01/ ea", "name": "Kleenex Facial Tissues 2-Ply White Family Size 184 ct ea - 3 pk", "cnid": "1536", "productId": "127686", "size": "552 ct pkg"},
{"thumb": "http://i4.peapod.com/c/KK/KKNHZ.gif", "price": "135", "unit_price": "$.01/ ea", "name": "Kleenex Facial Tissues 2-Ply White Unscented", "cnid": "1536", "productId": "150787", "size": "100 ct box"},
{"thumb": "http://i4.peapod.com/c/KK/KKNHZ.gif", "price": "199", "unit_price": "$.03/ ea", "name": "Kleenex Facial Tissues with Lotion, Aloe & Vitamin E 3-Ply Assorted Colors", "cnid": "1536", "productId": "59175", "size": "75 ct box"},
{"thumb": "http://i4.peapod.com/c/KK/KKNHZ.gif", "price": "249", "unit_price": "$.03/ ea", "name": "Kleenex Pocket Pack Facial Tissues 3-Ply White 10 ct ea - 8 pk", "cnid": "1536", "productId": "3407", "size": "80 ct pkg"},
{"thumb": "http://i4.peapod.com/c/KK/KKNHZ.gif", "price": "199", "unit_price": "$.03/ ea", "name": "Kleenex Ultra Soft Facial Tissues 3-Ply Assorted Colors", "cnid": "1536", "productId": "16232", "size": "75 ct box"},
{"thumb": "http://i4.peapod.com/c/KK/KKNHZ.gif", "price": "199", "unit_price": "$.02/ ea", "name": "Kleenex Ultra Soft Facial Tissues 3-Ply White", "cnid": "1536", "productId": "150773", "size": "120 ct box"},
{"thumb": "http://i4.peapod.com/c/KK/KKNHZ.gif", "price": "789", "unit_price": "$1.79/ 100sf", "name": "Marcal Small Steps Bath Tissue 2-Ply Dye & Fragrance Free Recycled Paper", "cnid": "1536", "productId": "154778", "size": "12 ct pkg"},
{"thumb": "http://i4.peapod.com/c/KK/KKNHZ.gif", "price": "510", "unit_price": "$.01/ ea", "name": "Mardi Gras Napkins1-Ply White", "cnid": "1536", "productId": "128446", "size": "500 ct pkg"},
{"thumb": "http://i4.peapod.com/c/KK/KKNHZ.gif", "price": "549", "unit_price": "$.01/ ea", "name": "Puffs Facial Tissues 2-Ply Unscented 200 ct ea - 3 pk", "cnid": "1536", "productId": "121679", "size": "600 ct pkg"},
{"thumb": "http://i4.peapod.com/c/KK/KKNHZ.gif", "price": "165", "unit_price": "$.03/ ea", "name": "Puffs Plus Lotion Facial Tissues 2-Ply White", "cnid": "1536", "productId": "3670", "size": "56 ct box"},
{"thumb": "http://i4.peapod.com/c/KK/KKNHZ.gif", "price": "249", "unit_price": "$.02/ ea", "name": "Puffs Plus Lotion Facial Tissues 2-Ply White", "cnid": "1536", "productId": "3667", "size": "124 ct box"},
{"thumb": "http://i4.peapod.com/c/KK/KKNHZ.gif", "price": "549", "unit_price": "$.01/ ea", "name": "Puffs Plus Lotion Facial Tissues 2-Ply White 124 ct ea - 3 pk", "cnid": "1536", "productId": "120152", "size": "372 ct pkg"},
{"thumb": "http://i4.peapod.com/c/KK/KKNHZ.gif", "price": "1179", "unit_price": "$1.49/ 100sf", "name": "Quilted Northern Soft & Strong Bath Tissue Double Roll 2-Ply Unscented", "cnid": "1536", "productId": "146049", "size": "18 ct pkg"},
{"thumb": "http://i4.peapod.com/c/KK/KKNHZ.gif", "price": "819", "unit_price": "$2.54/ 100sf", "name": "Quilted Northern Soft & Strong Bath Tissue Double Roll 2-Ply Unscented", "cnid": "1536", "productId": "80200", "size": "12 ct pkg"},
{"thumb": "http://i4.peapod.com/c/KK/KKNHZ.gif", "price": "449", "unit_price": "$3.38/ 100sf", "name": "Quilted Northern Ultra Plush Bath Tissue Double Roll 3-Ply Unscented", "cnid": "1536", "productId": "171863", "size": "6 ct pkg"},
{"thumb": "http://i4.peapod.com/c/KK/KKNHZ.gif", "price": "1779", "unit_price": "$.71/ 100sf", "name": "Scott Bath Tissue 1000-Sheet 1-Ply Unscented", "cnid": "1536", "productId": "119485", "size": "20 ct pkg"},
{"thumb": "http://i4.peapod.com/c/KK/KKNHZ.gif", "price": "109", "unit_price": "$.95/ 100sf", "name": "Scott Bath Tissue 1000 Sheets 1-Ply Unscented", "cnid": "1536", "productId": "7690", "size": "1 ct pkg"},
{"thumb": "http://i4.peapod.com/c/KK/KKNHZ.gif", "price": "569", "unit_price": "$.82/ 100sf", "name": "Scott Bath Tissue 1000 Sheets 1-Ply Unscented", "cnid": "1536", "productId": "73426", "size": "6 ct pkg"},
{"thumb": "http://i4.peapod.com/c/KK/KKNHZ.gif", "price": "385", "unit_price": "$.92/ 100sf", "name": "Scott Bath Tissue 1000 Sheets 1-Ply Unscented", "cnid": "1536", "productId": "12158", "size": "4 ct pkg"},
{"thumb": "http://i4.peapod.com/c/KK/KKNHZ.gif", "price": "1099", "unit_price": "$.87/ 100sf", "name": "Scott Bath Tissue 1000 Sheets 1-Ply Unscented", "cnid": "1536", "productId": "45195", "size": "12 ct pkg"},
{"thumb": "http://i4.peapod.com/c/KK/KKNHZ.gif", "price": "1679", "unit_price": "$1.53/ 100sf", "name": "Scott Bath Tissue Extra Soft Mega Roll 1-Ply", "cnid": "1536", "productId": "173734", "size": "20 ct pkg"},
{"thumb": "http://i4.peapod.com/c/KK/KKNHZ.gif", "price": "1079", "unit_price": "$1.20/ 100sf", "name": "Scott Extra Soft Bath Tissue 1-Ply Unscented", "cnid": "1536", "productId": "137542", "size": "12 ct pkg"},
{"thumb": "http://i4.peapod.com/c/KK/KKNHZ.gif", "price": "349", "unit_price": "$1.59/ 100sf", "name": "Scott Extra Soft Bath Tissue 1-Ply White Unscented", "cnid": "1536", "productId": "137541", "size": "4 ct pkg"},
{"thumb": "http://i4.peapod.com/c/KK/KKNHZ.gif", "price": "989", "unit_price": "$2.18/ 100sf", "name": "Scott Naturals Choose-A-Size Paper Towels Mega Roll 1-Ply White", "cnid": "1536", "productId": "154308", "size": "8 ct pkg"},
{"thumb": "http://i4.peapod.com/c/KK/KKNHZ.gif", "price": "435", "unit_price": "$.04/ ea", "name": "Scott Naturals Moist Wipes Flushable Refill", "cnid": "1536", "productId": "142963", "size": "102 ct pkg"},
{"thumb": "http://i4.peapod.com/c/KK/KKNHZ.gif", "price": "549", "unit_price": "$1.70/ 100sf", "name": "Sparkle Paper Towels with Thirst Pockets 2-Ply Prints", "cnid": "1536", "productId": "42439", "size": "8 ct pkg"},
{"thumb": "http://i4.peapod.com/c/KK/KKNHZ.gif", "price": "399", "unit_price": "$3.30/ 100sf", "name": "Sparkle Paper Towels with Thirst Pockets Big Roll 2-Ply Prints", "cnid": "1536", "productId": "188268", "size": "2 ct pkg"},
{"thumb": "http://i4.peapod.com/c/KK/KKNHZ.gif", "price": "759", "unit_price": "$.54/ 100sf", "name": "Stop & Shop Bath Tissue 1000-Sheet 1-Ply Unscented", "cnid": "1536", "productId": "146240", "size": "12 ct pkg"},
{"thumb": "http://i4.peapod.com/c/KK/KKNHZ.gif", "price": "299", "unit_price": "$.63/ 100sf", "name": "Stop & Shop Bath Tissue 1000-Sheet 1-Ply Unscented", "cnid": "1536", "productId": "158146", "size": "4 ct pkg"},
{"thumb": "http://i4.peapod.com/c/KK/KKNHZ.gif", "price": "89", "unit_price": "$.75/ 100sf", "name": "Stop & Shop Bath Tissue 1000-Sheet 1-Ply White Unscented", "cnid": "1536", "productId": "157998", "size": "1 ct pkg"},
{"thumb": "http://i4.peapod.com/c/KK/KKNHZ.gif", "price": "179", "unit_price": "$.05/ ea", "name": "Stop & Shop Elegant Dinner Napkins 3-Ply White", "cnid": "1536", "productId": "56909", "size": "40 ct pkg"},
{"thumb": "http://i4.peapod.com/c/KK/KKNHZ.gif", "price": "179", "unit_price": "$.02/ ea", "name": "Stop & Shop Elegant Luncheon Napkins 2-Ply", "cnid": "1536", "productId": "56910", "size": "100 ct pkg"},
{"thumb": "http://i4.peapod.com/c/KK/KKNHZ.gif", "price": "179", "unit_price": "$3.26/ 100sf", "name": "Stop & Shop Premium Paper Towels Any Size 2-Ply White", "cnid": "1536", "productId": "130758", "size": "1 ct pkg"},
{"thumb": "http://i4.peapod.com/c/KK/KKNHZ.gif", "price": "100", "unit_price": "$1.41/ 100sf", "name": "Stop & Shop Pure Power Any Size Paper Towels 2-Ply White", "cnid": "1536", "productId": "140868", "size": "1 ct pkg"},
{"thumb": "http://i4.peapod.com/c/KK/KKNHZ.gif", "price": "225", "unit_price": "$.01/ ea", "name": "Stop & Shop Pure Power Napkins 1-Ply White", "cnid": "1536", "productId": "56905", "size": "250 ct pkg"},
{"thumb": "http://i4.peapod.com/c/KK/KKNHZ.gif", "price": "119", "unit_price": "$1.61/ 100sf", "name": "Stop & Shop Pure Power Paper Towels Big Roll 2-Ply Prints", "cnid": "1536", "productId": "158171", "size": "1 ct pkg"},
{"thumb": "http://i4.peapod.com/c/KK/KKNHZ.gif", "price": "615", "unit_price": "$1.76/ 100sf", "name": "Stop & Shop Pure Power Paper Towels Strong & Absorbent 2-Ply White", "cnid": "1536", "productId": "158011", "size": "8 ct pkg"},
{"thumb": "http://i4.peapod.com/c/KK/KKNHZ.gif", "price": "100", "unit_price": "$.01/ ea", "name": "Stop & Shop Soft & Gentle Facial Tissues w/Lotion 3-Ply White Unscented", "cnid": "1536", "productId": "158148", "size": "65 ct box"},
{"thumb": "http://i4.peapod.com/c/KK/KKNHZ.gif", "price": "199", "unit_price": "$.01/ ea", "name": "Stop & Shop Strong & Gentle Facial Tissues 2-Ply Unscented", "cnid": "1536", "productId": "56898", "size": "216 ct box"},
{"thumb": "http://i4.peapod.com/c/KK/KKNHZ.gif", "price": "100", "unit_price": "$.01/ ea", "name": "Stop & Shop Strong & Gentle Facial Tissues 2-Ply Unscented", "cnid": "1536", "productId": "56901", "size": "80 ct box"},
{"thumb": "http://i4.peapod.com/c/KK/KKNHZ.gif", "price": "100", "unit_price": "$.01/ ea", "name": "Stop & Shop Strong & Gentle Facial Tissues 2-Ply Unscented", "cnid": "1536", "productId": "158147", "size": "144 ct box"},
{"thumb": "http://i4.peapod.com/c/KK/KKNHZ.gif", "price": "279", "unit_price": "$.01/ ea", "name": "Stop & Shop Strong & Gentle Facial Tissues 2-Ply Unscented 144 ct ea-3 pk", "cnid": "1536", "productId": "145196", "size": "432 ct pkg"},
{"thumb": "http://i4.peapod.com/c/KK/KKNHZ.gif", "price": "279", "unit_price": "$.01/ ea", "name": "Stop & Shop Strong & Gentle Facial Tissues 2-Ply Unscented 80 ct ea - 3 pk", "cnid": "1536", "productId": "137017", "size": "240 ct pkg"},
{"thumb": "http://i4.peapod.com/c/KK/KKNHZ.gif", "price": "229", "unit_price": "$.06/ ea", "name": "Vanity Fair Premium Dinner Napkins 3-Ply", "cnid": "1536", "productId": "5848", "size": "40 ct pkg"},
{"thumb": "http://i4.peapod.com/c/KK/KKNHZ.gif", "price": "229", "unit_price": "$.02/ ea", "name": "Vanity Fair Premium Everyday Napkins 2-Ply", "cnid": "1536", "productId": "5847", "size": "100 ct pkg"},
{"thumb": "http://i4.peapod.com/c/KK/KKNHZ.gif", "price": "429", "unit_price": "$.02/ ea", "name": "Vanity Fair Premium Everyday Napkins 2-Ply", "cnid": "1536", "productId": "119104", "size": "200 ct pkg"},
{"thumb": "http://i4.peapod.com/c/KK/KKNHZ.gif", "price": "229", "unit_price": "$.06/ ea", "name": "Vanity Fair Premium Napkins 3-Ply with Dispenser", "cnid": "1536", "productId": "146037", "size": "40 ct pkg"},
{"thumb": "http://i4.peapod.com/c/KK/KKNHZ.gif", "price": "199", "unit_price": "$4.74/ 100sf", "name": "Viva Choose-A-Size Paper Towels Big Roll 1-Ply White", "cnid": "1536", "productId": "131333", "size": "1 ct pkg"},
{"thumb": "http://i4.peapod.com/c/KK/KKNHZ.gif", "price": "1699", "unit_price": "$4.49/ 100sf", "name": "Viva Choose-A-Size Paper Towels Giant Roll 1-Ply White", "cnid": "1536", "productId": "148837", "size": "8 ct pkg"},
{"thumb": "http://i4.peapod.com/c/KK/KKNHZ.gif", "price": "319", "unit_price": "$.08/ ea", "name": "Wet Ones Antibacterial Hands Wipes Fresh Scent", "cnid": "1536", "productId": "88932", "size": "40 ct pkg"},
{"thumb": "http://i4.peapod.com/c/KK/KKNHZ.gif", "price": "319", "unit_price": "$.08/ ea", "name": "Wet Ones Antibacterial Hand Wipes Citrus Scent", "cnid": "1536", "productId": "21771", "size": "40 ct pkg"},
{"thumb": "http://i4.peapod.com/c/KK/KKNHZ.gif", "price": "499", "unit_price": "$.10/ oz", "name": "all 2X Ultra Liquid Laundry Detergent Free Clear", "cnid": "1515", "productId": "148734", "size": "50 oz jug"},
{"thumb": "http://i4.peapod.com/c/KK/KKNHZ.gif", "price": "945", "unit_price": "$.09/ oz", "name": "all 2X Ultra Liquid Laundry Detergent Free Clear", "cnid": "1515", "productId": "150642", "size": "100 oz jug"},
{"thumb": "http://i4.peapod.com/c/KK/KKNHZ.gif", "price": "499", "unit_price": "$.10/ oz", "name": "all 2X Ultra Liquid Laundry Detergent Fresh Rain", "cnid": "1515", "productId": "148733", "size": "50 oz jug"},
{"thumb": "http://i4.peapod.com/c/KK/KKNHZ.gif", "price": "499", "unit_price": "$.10/ oz", "name": "all 2X Ultra Liquid Laundry Detergent HE", "cnid": "1515", "productId": "148732", "size": "50 oz jug"},
{"thumb": "http://i4.peapod.com/c/KK/KKNHZ.gif", "price": "499", "unit_price": "$.10/ oz", "name": "all 2X Ultra Liquid Laundry Detergent Stainlifter", "cnid": "1515", "productId": "148731", "size": "50 oz jug"},
{"thumb": "http://i4.peapod.com/c/KK/KKNHZ.gif", "price": "549", "unit_price": "$.23/ ea", "name": "all Mighty Laundry Detergent Pacs Free Clear", "cnid": "1515", "productId": "186057", "size": "24 ct pkg"},
{"thumb": "http://i4.peapod.com/c/KK/KKNHZ.gif", "price": "1229", "unit_price": "$.08/ oz", "name": "all OXI-Active 2X Ultra Liquid Laundry Detergent HE Safe Waterfall Clean", "cnid": "1515", "productId": "163839", "size": "150 oz jug"},
{"thumb": "http://i4.peapod.com/c/KK/KKNHZ.gif", "price": "945", "unit_price": "$.09/ oz", "name": "all OXI-Active 2X Ultra Liquid Laundry Detergent HE Waterfall Clean", "cnid": "1515", "productId": "161519", "size": "100 oz jug"},
{"thumb": "http://i4.peapod.com/c/KK/KKNHZ.gif", "price": "499", "unit_price": "$.16/ oz", "name": "all Small & Mighty 3X Concentrated Liquid Laundry Detergent Free Clear", "cnid": "1515", "productId": "139719", "size": "32 oz btl"},
{"thumb": "http://i4.peapod.com/c/KK/KKNHZ.gif", "price": "465", "unit_price": "$.09/ oz", "name": "Arm & Hammer 2X Liquid Laundry Detergent Color Safe Bleach Clean Burst", "cnid": "1515", "productId": "149306", "size": "50 oz jug"},
{"thumb": "http://i4.peapod.com/c/KK/KKNHZ.gif", "price": "465", "unit_price": "$.09/ oz", "name": "Arm & Hammer 2X Ultra Liquid Laundry Detergent Clean Burst", "cnid": "1515", "productId": "148895", "size": "50 oz jug"},
{"thumb": "http://i4.peapod.com/c/KK/KKNHZ.gif", "price": "989", "unit_price": "$.07/ oz", "name": "Arm & Hammer 2X Ultra Liquid Laundry Detergent Clean Burst", "cnid": "1515", "productId": "161520", "size": "150 oz jug"},
{"thumb": "http://i4.peapod.com/c/KK/KKNHZ.gif", "price": "465", "unit_price": "$.09/ oz", "name": "Arm & Hammer 2X Ultra Liquid Laundry Detergent Sensitive Skin All Machines", "cnid": "1515", "productId": "148908", "size": "50 oz jug"},
{"thumb": "http://i4.peapod.com/c/KK/KKNHZ.gif", "price": "349", "unit_price": "$.04/ ea", "name": "Arm & Hammer Fresh 'n Soft Fabric Softener Sheets Clean Burst", "cnid": "1515", "productId": "74991", "size": "100 ct box"},
{"thumb": "http://i4.peapod.com/c/KK/KKNHZ.gif", "price": "769", "unit_price": "$.14/ oz", "name": "Arm & Hammer Powder Laundry Detergent Free of Perfumes & Dyes", "cnid": "1515", "productId": "91620", "size": "3.57 lb box"},
{"thumb": "http://i4.peapod.com/c/KK/KKNHZ.gif", "price": "415", "unit_price": "$.08/ oz", "name": "Arm & Hammer Super Washing Soda Detergent Booster & Household Cleaner", "cnid": "1515", "productId": "168019", "size": "55 oz box"},
{"thumb": "http://i4.peapod.com/c/KK/KKNHZ.gif", "price": "629", "unit_price": "$6.29/ ea", "name": "Bounce Dryer Bar 3 Month Fresh Linen Scent", "cnid": "1515", "productId": "157091", "size": "1 ct pkg"},
{"thumb": "http://i4.peapod.com/c/KK/KKNHZ.gif", "price": "599", "unit_price": "$.05/ ea", "name": "Bounce Fabric Softener Sheets Free & Sensitive", "cnid": "1515", "productId": "100914", "size": "120 ct box"},
{"thumb": "http://i4.peapod.com/c/KK/KKNHZ.gif", "price": "349", "unit_price": "$.09/ ea", "name": "Bounce Fabric Softener Sheets Fresh Linen", "cnid": "1515", "productId": "33545", "size": "40 ct box"},
{"thumb": "http://i4.peapod.com/c/KK/KKNHZ.gif", "price": "599", "unit_price": "$.05/ ea", "name": "Bounce Fabric Softener Sheets Fresh Linen", "cnid": "1515", "productId": "50528", "size": "120 ct box"},
{"thumb": "http://i4.peapod.com/c/KK/KKNHZ.gif", "price": "925", "unit_price": "$.06/ ea", "name": "Bounce Fabric Softener Sheets Outdoor Fresh", "cnid": "1515", "productId": "152500", "size": "160 ct box"},
{"thumb": "http://i4.peapod.com/c/KK/KKNHZ.gif", "price": "599", "unit_price": "$.05/ ea", "name": "Bounce Fabric Softener Sheets Outdoor Fresh", "cnid": "1515", "productId": "50530", "size": "120 ct box"},
{"thumb": "http://i4.peapod.com/c/KK/KKNHZ.gif", "price": "515", "unit_price": "$.07/ ea", "name": "Bounce Fabric Softener Sheets with Febreze Spring & Renewal", "cnid": "1515", "productId": "138825", "size": "70 ct pkg"},
{"thumb": "http://i4.peapod.com/c/KK/KKNHZ.gif", "price": "1179", "unit_price": "$.12/ oz", "name": "Cheer 2X Concentrated Liquid Laundry Detergent Bright Clean", "cnid": "1515", "productId": "150020", "size": "100 oz jug"},
{"thumb": "http://i4.peapod.com/c/KK/KKNHZ.gif", "price": "695", "unit_price": "$.21/ oz", "name": "Clorox 2 Stain Fighter & Color Booster Liquid Bleach Free HE", "cnid": "1515", "productId": "146114", "size": "33 oz btl"},
{"thumb": "http://i4.peapod.com/c/KK/KKNHZ.gif", "price": "695", "unit_price": "$.21/ oz", "name": "Clorox 2x Stain Fighter & Color Booster Liquid Formula Original Scent", "cnid": "1515", "productId": "50428", "size": "33 oz btl"},
{"thumb": "http://i4.peapod.com/c/KK/KKNHZ.gif", "price": "259", "unit_price": "$.04/ oz", "name": "Clorox Bleach Liquid Concentrated Clean Linen", "cnid": "1515", "productId": "190973", "size": "64 oz jug"},
{"thumb": "http://i4.peapod.com/c/KK/KKNHZ.gif", "price": "249", "unit_price": "$.04/ oz", "name": "Clorox Bleach Liquid Concentrated Fresh Meadow", "cnid": "1515", "productId": "190974", "size": "64 oz jug"},
{"thumb": "http://i4.peapod.com/c/KK/KKNHZ.gif", "price": "249", "unit_price": "$.04/ oz", "name": "Clorox Bleach Liquid Concentrated Lemon Fresh", "cnid": "1515", "productId": "190976", "size": "64 oz jug"},
{"thumb": "http://i4.peapod.com/c/KK/KKNHZ.gif", "price": "249", "unit_price": "$.04/ oz", "name": "Clorox Bleach Liquid Concentrated Regular", "cnid": "1515", "productId": "190972", "size": "64 oz jug"},
{"thumb": "http://i4.peapod.com/c/KK/KKNHZ.gif", "price": "249", "unit_price": "$.05/ oz", "name": "Clorox Bleach Liquid Concentrated Splash-Less Clean Linen", "cnid": "1515", "productId": "190978", "size": "55 oz jug"},
{"thumb": "http://i4.peapod.com/c/KK/KKNHZ.gif", "price": "249", "unit_price": "$.05/ oz", "name": "Clorox Bleach Liquid Concentrated Splash-less Regular", "cnid": "1515", "productId": "190977", "size": "55 oz jug"},
{"thumb": "http://i4.peapod.com/c/KK/KKNHZ.gif", "price": "585", "unit_price": "$.07/ ea", "name": "Downy Fabric Softener Sheets April Fresh", "cnid": "1515", "productId": "74988", "size": "80 ct box"},
{"thumb": "http://i4.peapod.com/c/KK/KKNHZ.gif", "price": "585", "unit_price": "$.07/ ea", "name": "Downy Fabric Softener Sheets Clean Breeze", "cnid": "1515", "productId": "158333", "size": "80 ct box"},
{"thumb": "http://i4.peapod.com/c/KK/KKNHZ.gif", "price": "419", "unit_price": "$.06/ oz", "name": "Downy Liquid Fabric Softener Non-Concentrated April Fresh", "cnid": "1515", "productId": "3612", "size": "64 oz jug"},
{"thumb": "http://i4.peapod.com/c/KK/KKNHZ.gif", "price": "1179", "unit_price": "$.11/ oz", "name": "Downy Ultra Liquid Fabric Softener April Fresh", "cnid": "1515", "productId": "152502", "size": "103 oz jug"},
{"thumb": "http://i4.peapod.com/c/KK/KKNHZ.gif", "price": "549", "unit_price": "$.11/ oz", "name": "Downy Ultra Liquid Fabric Softener April Fresh", "cnid": "1515", "productId": "14771", "size": "51 oz jug"},
{"thumb": "http://i4.peapod.com/c/KK/KKNHZ.gif", "price": "549", "unit_price": "$.11/ oz", "name": "Downy Ultra Liquid Fabric Softener Clean Breeze", "cnid": "1515", "productId": "153051", "size": "51 oz jug"},
{"thumb": "http://i4.peapod.com/c/KK/KKNHZ.gif", "price": "549", "unit_price": "$.11/ oz", "name": "Downy Ultra Liquid Fabric Softener Free & Sensitive", "cnid": "1515", "productId": "134609", "size": "51 oz jug"},
{"thumb": "http://i4.peapod.com/c/KK/KKNHZ.gif", "price": "549", "unit_price": "$.11/ oz", "name": "Downy Ultra Liquid Fabric Softener Mountain Spring", "cnid": "1515", "productId": "161515", "size": "51 oz jug"},
{"thumb": "http://i4.peapod.com/c/KK/KKNHZ.gif", "price": "549", "unit_price": "$.12/ oz", "name": "Downy Ultra with Febreze Liquid Fabric Softener Spring & Renewal", "cnid": "1515", "productId": "147981", "size": "44 oz jug"},
{"thumb": "http://i4.peapod.com/c/KK/KKNHZ.gif", "price": "695", "unit_price": "$.53/ oz", "name": "Downy UNSTOPABLES In-Wash Scent Booster Fresh", "cnid": "1515", "productId": "170556", "size": "13.2 oz btl"},
{"thumb": "http://i4.peapod.com/c/KK/KKNHZ.gif", "price": "695", "unit_price": "$.53/ oz", "name": "Downy UNSTOPABLES In-Wash Scent Booster Lush", "cnid": "1515", "productId": "170555", "size": "13.2 oz btl"},
{"thumb": "http://i4.peapod.com/c/KK/KKNHZ.gif", "price": "490", "unit_price": "$.29/ oz", "name": "Downy Wrinkle Releaser Light Fresh Scent Trigger Spray", "cnid": "1515", "productId": "152504", "size": "16.9 oz btl"},
{"thumb": "http://i4.peapod.com/c/KK/KKNHZ.gif", "price": "1079", "unit_price": "$.22/ oz", "name": "Dreft 2X Ultra Concentrated Liquid Laundry Detergent HE", "cnid": "1515", "productId": "155755", "size": "50 oz jug"},
{"thumb": "http://i4.peapod.com/c/KK/KKNHZ.gif", "price": "1179", "unit_price": "$.12/ oz", "name": "Gain 2X Ultra Concentrated Liquid Laundry Detergent HE Fresh Scent", "cnid": "1515", "productId": "154775", "size": "100 oz jug"},
{"thumb": "http://i4.peapod.com/c/KK/KKNHZ.gif", "price": "150", "unit_price": "$.01/ oz", "name": "Guaranteed Value Liquid Bleach", "cnid": "1515", "productId": "174868", "size": "1 gal"},
{"thumb": "http://i4.peapod.com/c/KK/KKNHZ.gif", "price": "665", "unit_price": "$.27/ oz", "name": "Ivory Snow 2X Concentrated Gentle Care Liquid Laundry Detergent", "cnid": "1515", "productId": "150019", "size": "25 oz btl"},
{"thumb": "http://i4.peapod.com/c/KK/KKNHZ.gif", "price": "175", "unit_price": "$.09/ oz", "name": "Magic Sizing Fabric Finish Spray Starch Light Body Fresh Clean Scent", "cnid": "1515", "productId": "1270", "size": "20 oz can"},
{"thumb": "http://i4.peapod.com/c/KK/KKNHZ.gif", "price": "155", "unit_price": "$.08/ oz", "name": "Niagara Spray Starch Original Professional Finish", "cnid": "1515", "productId": "74983", "size": "20 oz can"},
{"thumb": "http://i4.peapod.com/c/KK/KKNHZ.gif", "price": "415", "unit_price": "$.06/ oz", "name": "Nice 'n Fluffy Liquid Fabric Softener Cotton Breeze", "cnid": "1515", "productId": "158195", "size": "68.7 oz btl"},
{"thumb": "http://i4.peapod.com/c/KK/KKNHZ.gif", "price": "829", "unit_price": "$.17/ oz", "name": "OxiClean Free Versatile Stain Remover Powder", "cnid": "1515", "productId": "138442", "size": "3 lb tub"},
{"thumb": "http://i4.peapod.com/c/KK/KKNHZ.gif", "price": "395", "unit_price": "$.18/ oz", "name": "OxiClean Laundry Stain Remover Trigger Spray", "cnid": "1515", "productId": "133069", "size": "21.5 oz btl"},
{"thumb": "http://i4.peapod.com/c/KK/KKNHZ.gif", "price": "199", "unit_price": "$.04/ oz", "name": "Purex 2X Ultra Liquid Laundry Detergent Color Safe Bleach Original Fresh", "cnid": "1515", "productId": "149384", "size": "50 oz jug"},
{"thumb": "http://i4.peapod.com/c/KK/KKNHZ.gif", "price": "199", "unit_price": "$.04/ oz", "name": "Purex Ultra Liquid Laundry Detergent for All Machines Original Fresh", "cnid": "1515", "productId": "149381", "size": "50 oz jug"},
{"thumb": "http://i4.peapod.com/c/KK/KKNHZ.gif", "price": "199", "unit_price": "$.04/ oz", "name": "Purex Ultra Liquid Laundry Detergent Mountain Breeze", "cnid": "1515", "productId": "150021", "size": "50 oz jug"},
{"thumb": "http://i4.peapod.com/c/KK/KKNHZ.gif", "price": "199", "unit_price": "$.11/ ea", "name": "Purex UltraPacks Laundry Detergent Triple Action Free & Clear", "cnid": "1515", "productId": "185974", "size": "18 ct pkg"},
{"thumb": "http://i4.peapod.com/c/KK/KKNHZ.gif", "price": "295", "unit_price": "$.98/ oz", "name": "Resolve Stain Stick", "cnid": "1515", "productId": "7760", "size": "3 oz stk"},
{"thumb": "http://i4.peapod.com/c/KK/KKNHZ.gif", "price": "1199", "unit_price": "$.12/ oz", "name": "Seventh Generation 2X Concentrate Liquid Laundry Detergent HE Free & Clear", "cnid": "1515", "productId": "149842", "size": "100 oz jug"},
{"thumb": "http://i4.peapod.com/c/KK/KKNHZ.gif", "price": "485", "unit_price": "$.20/ ea", "name": "Shout Color Catcher Dye-Trapping Cloths", "cnid": "1515", "productId": "127391", "size": "24 ct pkg"},
{"thumb": "http://i4.peapod.com/c/KK/KKNHZ.gif", "price": "325", "unit_price": "$.15/ oz", "name": "Shout Liquid Laundry Stain Remover Trigger Spray", "cnid": "1515", "productId": "6585", "size": "22 oz btl"},
{"thumb": "http://i4.peapod.com/c/KK/KKNHZ.gif", "price": "629", "unit_price": "$.10/ oz", "name": "Shout Liquid Laundry Stain Remover Triple Acting Refill", "cnid": "1515", "productId": "92348", "size": "60 oz btl"},
{"thumb": "http://i4.peapod.com/c/KK/KKNHZ.gif", "price": "399", "unit_price": "$.40/ oz", "name": "Smart Living Moth Balls", "cnid": "1515", "productId": "161767", "size": "10 oz box"},
{"thumb": "http://i4.peapod.com/c/KK/KKNHZ.gif", "price": "465", "unit_price": "$.14/ oz", "name": "Snuggle Exhilarations Liquid Fabric Softener White Lavender & Sandalwood", "cnid": "1515", "productId": "146300", "size": "32 oz btl"},
{"thumb": "http://i4.peapod.com/c/KK/KKNHZ.gif", "price": "319", "unit_price": "$.05/ oz", "name": "Snuggle Liquid Fabric Softener Non-Concentrate Blue Sparkle", "cnid": "1515", "productId": "300", "size": "64 oz btl"},
{"thumb": "http://i4.peapod.com/c/KK/KKNHZ.gif", "price": "569", "unit_price": "$.12/ oz", "name": "Stop & Shop Pure Power 2X Ultra Liquid Laundry Detergent Regular Scent", "cnid": "1515", "productId": "163885", "size": "45.4 oz jug"},
{"thumb": "http://i4.peapod.com/c/KK/KKNHZ.gif", "price": "2079", "unit_price": "$.14/ oz", "name": "Tide 2X Ultra Concentrated Liquid Laundry Detergent HE Original Scent", "cnid": "1515", "productId": "151810", "size": "150 oz jug"},
{"thumb": "http://i4.peapod.com/c/KK/KKNHZ.gif", "price": "999", "unit_price": "$.10/ oz", "name": "Tide Concentrated Liquid Laundry Detergent HE Original Scent", "cnid": "1515", "productId": "148914", "size": "100 oz jug"},
{"thumb": "http://i4.peapod.com/c/KK/KKNHZ.gif", "price": "849", "unit_price": "$.17/ oz", "name": "Tide for Coldwater Liquid Laundry Detergent Fresh Scent", "cnid": "1515", "productId": "164959", "size": "50 oz jug"},
{"thumb": "http://i4.peapod.com/c/KK/KKNHZ.gif", "price": "999", "unit_price": "$.10/ oz", "name": "Tide Liquid Laundry Detergent HE Active Fresh Plus Febreze Freshness Sport", "cnid": "1515", "productId": "161522", "size": "100 oz jug"},
{"thumb": "http://i4.peapod.com/c/KK/KKNHZ.gif", "price": "999", "unit_price": "$.10/ oz", "name": "Tide Liquid Laundry Detergent HE Free & Gentle", "cnid": "1515", "productId": "136797", "size": "100 oz jug"},
{"thumb": "http://i4.peapod.com/c/KK/KKNHZ.gif", "price": "999", "unit_price": "$.10/ oz", "name": "Tide Liquid Laundry Detergent HE Plus Downy April Fresh", "cnid": "1515", "productId": "155984", "size": "100 oz jug"},
{"thumb": "http://i4.peapod.com/c/KK/KKNHZ.gif", "price": "999", "unit_price": "$.10/ oz", "name": "Tide Liquid Laundry Detergent Mountain Spring Scent", "cnid": "1515", "productId": "148729", "size": "100 oz jug"},
{"thumb": "http://i4.peapod.com/c/KK/KKNHZ.gif", "price": "849", "unit_price": "$.17/ oz", "name": "Tide Liquid Laundry Detergent Original Scent", "cnid": "1515", "productId": "148972", "size": "50 oz jug"},
{"thumb": "http://i4.peapod.com/c/KK/KKNHZ.gif", "price": "999", "unit_price": "$.10/ oz", "name": "Tide Liquid Laundry Detergent Original Scent", "cnid": "1515", "productId": "148758", "size": "100 oz jug"},
{"thumb": "http://i4.peapod.com/c/KK/KKNHZ.gif", "price": "999", "unit_price": "$.10/ oz", "name": "Tide Liquid Laundry Detergent Plus Bleach Alternative Original Scent", "cnid": "1515", "productId": "148728", "size": "100 oz jug"},
{"thumb": "http://i4.peapod.com/c/KK/KKNHZ.gif", "price": "999", "unit_price": "$.10/ oz", "name": "Tide Liquid Laundry Detergent Plus Febreze Spring & Renewal", "cnid": "1515", "productId": "157167", "size": "100 oz jug"},
{"thumb": "http://i4.peapod.com/c/KK/KKNHZ.gif", "price": "2079", "unit_price": "$.14/ oz", "name": "Tide Liquid Laundry Detergent with Acti-Lift Technology Original Scent", "cnid": "1515", "productId": "148730", "size": "150 oz jug"},
{"thumb": "http://i4.peapod.com/c/KK/KKNHZ.gif", "price": "615", "unit_price": "$.34/ ea", "name": "Tide PODS Laundry Detergent + Stain Remover + Brightener Ocean Mist", "cnid": "1515", "productId": "186292", "size": "18 ct pkg"},
{"thumb": "http://i4.peapod.com/c/KK/KKNHZ.gif", "price": "615", "unit_price": "$.34/ ea", "name": "Tide PODS Laundry Detergent + Stain Remover + Brightener Spring Meadow", "cnid": "1515", "productId": "186291", "size": "18 ct pkg"},
{"thumb": "http://i4.peapod.com/c/KK/KKNHZ.gif", "price": "2069", "unit_price": "$.27/ ea", "name": "Tide PODS Laundry Detergent + Stain Remover + Brightener Spring Meadow", "cnid": "1515", "productId": "191169", "size": "77 ct pkg"},
{"thumb": "http://i4.peapod.com/c/KK/KKNHZ.gif", "price": "1129", "unit_price": "$.20/ oz", "name": "Tide Powder Laundry Detergent Original Scent", "cnid": "1515", "productId": "50264", "size": "56 oz box"},
{"thumb": "http://i4.peapod.com/c/KK/KKNHZ.gif", "price": "2079", "unit_price": "$.14/ oz", "name": "Tide Vivid White+Bright Laundry Detergent Bleach Alternative Original", "cnid": "1515", "productId": "148766", "size": "150 oz jug"},
{"thumb": "http://i4.peapod.com/c/KK/KKNHZ.gif", "price": "999", "unit_price": "$.10/ oz", "name": "Tide VIVID White + Bright Liquid Laundry Detergent HE Original", "cnid": "1515", "productId": "144721", "size": "100 oz jug"},
{"thumb": "http://i4.peapod.com/c/KK/KKNHZ.gif", "price": "645", "unit_price": "$.82/ oz", "name": "Tide Washing Machine Cleaner - 3 ct", "cnid": "1515", "productId": "161816", "size": "7.9 oz pkg"},
{"thumb": "http://i4.peapod.com/c/KK/KKNHZ.gif", "price": "789", "unit_price": "$.16/ oz", "name": "Wisk 2X Ultra Concentrated Liquid Laundry Detergent HE", "cnid": "1515", "productId": "148760", "size": "50 oz jug"},
{"thumb": "http://i4.peapod.com/c/KK/KKNHZ.gif", "price": "789", "unit_price": "$.16/ oz", "name": "Wisk 2X Ultra Concentrated Liquid Laundry Detergent w/Bleach Alternative", "cnid": "1515", "productId": "148761", "size": "50 oz jug"},
{"thumb": "http://i4.peapod.com/c/KK/KKNHZ.gif", "price": "789", "unit_price": "$.16/ oz", "name": "Wisk Deep Clean Liquid Laundry Detergent Original", "cnid": "1515", "productId": "148965", "size": "50 oz jug"},
{"thumb": "http://i4.peapod.com/c/KK/KKNHZ.gif", "price": "1779", "unit_price": "$.18/ oz", "name": "Woolite Complete Liquid Laundry Detergent Standard/HE", "cnid": "1515", "productId": "162783", "size": "100 oz jug"},
{"thumb": "http://i4.peapod.com/c/KK/KKNHZ.gif", "price": "989", "unit_price": "$.20/ oz", "name": "Woolite Liquid Laundry Detergent Darks HE", "cnid": "1515", "productId": "127400", "size": "50 oz jug"},
{"thumb": "http://i4.peapod.com/c/KK/KKNHZ.gif", "price": "297", "unit_price": "$.25/ oz", "name": "Zout Liquid Laundry Stain Remover Triple Enzyme Formula", "cnid": "1515", "productId": "148231", "size": "12 oz btl"},
{"thumb": "http://i4.peapod.com/c/KK/KKNHZ.gif", "price": "369", "unit_price": "$1.05/ oz", "name": "2000 Flushes Automatic Toilet Bowl Cleaner Blue Plus Bleach Tablet", "cnid": "1484", "productId": "60833", "size": "3.5 oz pkg"},
{"thumb": "http://i4.peapod.com/c/KK/KKNHZ.gif", "price": "369", "unit_price": "$1.05/ oz", "name": "2000 Flushes Concentrated Automatic Toilet Bowl Cleaner Bleach Tablet", "cnid": "1484", "productId": "20276", "size": "1.5 oz pkg"},
{"thumb": "http://i4.peapod.com/c/KK/KKNHZ.gif", "price": "219", "unit_price": "$.07/ oz", "name": "Arm & Hammer Clean Shower Cleaner Original Trigger Spray", "cnid": "1484", "productId": "73507", "size": "32 oz btl"},
{"thumb": "http://i4.peapod.com/c/KK/KKNHZ.gif", "price": "559", "unit_price": "$.17/ oz", "name": "Armstrong Tile & Vinyl Concentrated Floor Cleaner Fresh Scent", "cnid": "1484", "productId": "35924", "size": "32 oz btl"},
{"thumb": "http://i4.peapod.com/c/KK/KKNHZ.gif", "price": "219", "unit_price": "$.18/ oz", "name": "Bar Keepers Friend Rust Cleanser & Polish Powder", "cnid": "1484", "productId": "14964", "size": "12 oz can"},
{"thumb": "http://i4.peapod.com/c/KK/KKNHZ.gif", "price": "149", "unit_price": "$.11/ oz", "name": "Bon Ami Powder Cleanser Multipurpose", "cnid": "1484", "productId": "1302", "size": "14 oz can"},
{"thumb": "http://i4.peapod.com/c/KK/KKNHZ.gif", "price": "389", "unit_price": "$.13/ oz", "name": "Clorox Bathroom Cleaner & Disinfecting Spray Bleach Free", "cnid": "1484", "productId": "137223", "size": "30 oz btl"},
{"thumb": "http://i4.peapod.com/c/KK/KKNHZ.gif", "price": "419", "unit_price": "$.14/ oz", "name": "Clorox Bleach Foamer for the Bathroom Trigger Spray", "cnid": "1484", "productId": "162159", "size": "30 oz btl"},
{"thumb": "http://i4.peapod.com/c/KK/KKNHZ.gif", "price": "349", "unit_price": "$.11/ oz", "name": "Clorox Clean-Up Cleaner with Bleach Original Trigger Spray", "cnid": "1484", "productId": "51471", "size": "32 oz btl"},
{"thumb": "http://i4.peapod.com/c/KK/KKNHZ.gif", "price": "289", "unit_price": "$.08/ ea", "name": "Clorox Disinfecting Wipes Lemon Fresh", "cnid": "1484", "productId": "114267", "size": "35 ct pkg"},
{"thumb": "http://i4.peapod.com/c/KK/KKNHZ.gif", "price": "399", "unit_price": "$.12/ oz", "name": "Clorox Green Works All-Purpose Cleaner Trigger Spray Natural", "cnid": "1484", "productId": "148786", "size": "32 oz btl"},
{"thumb": "http://i4.peapod.com/c/KK/KKNHZ.gif", "price": "199", "unit_price": "$.08/ oz", "name": "Clorox Toilet Bowl Cleaner Gel Rain Clean Squeeze", "cnid": "1484", "productId": "50177", "size": "24 oz btl"},
{"thumb": "http://i4.peapod.com/c/KK/KKNHZ.gif", "price": "199", "unit_price": "$.08/ oz", "name": "Clorox Toilet Bowl Cleanser Fresh Scent Squeeze", "cnid": "1484", "productId": "22202", "size": "24 oz btl"},
{"thumb": "http://i4.peapod.com/c/KK/KKNHZ.gif", "price": "445", "unit_price": "$.74/ ea", "name": "Clorox ToiletWand Toilet Cleaning System Refills", "cnid": "1484", "productId": "153049", "size": "6 ct pkg"},
{"thumb": "http://i4.peapod.com/c/KK/KKNHZ.gif", "price": "649", "unit_price": "$.23/ oz", "name": "CLR Calcium Lime Rust Remover", "cnid": "1484", "productId": "24951", "size": "28 oz btl"},
{"thumb": "http://i4.peapod.com/c/KK/KKNHZ.gif", "price": "799", "unit_price": "$.25/ oz", "name": "Companion Essentials Pet Stain & Odor Remover Trigger Spray", "cnid": "1484", "productId": "161440", "size": "32 oz btl"},
{"thumb": "http://i4.peapod.com/c/KK/KKNHZ.gif", "price": "389", "unit_price": "$.12/ oz", "name": "Drano Clog Remover Liquid", "cnid": "1484", "productId": "1537", "size": "32 oz btl"},
{"thumb": "http://i4.peapod.com/c/KK/KKNHZ.gif", "price": "949", "unit_price": "$.12/ oz", "name": "Drano Max Gel Clog Remover Professional Strength", "cnid": "1484", "productId": "162985", "size": "80 oz btl"},
{"thumb": "http://i4.peapod.com/c/KK/KKNHZ.gif", "price": "439", "unit_price": "$.14/ oz", "name": "Earthworm Drain Cleaner Family Safe", "cnid": "1484", "productId": "160236", "size": "32 oz btl"},
{"thumb": "http://i4.peapod.com/c/KK/KKNHZ.gif", "price": "1329", "unit_price": "$.41/ oz", "name": "Earthworm Liquid Septic System & Cesspool Treatment Family Safe", "cnid": "1484", "productId": "167378", "size": "32 oz btl"},
{"thumb": "http://i4.peapod.com/c/KK/KKNHZ.gif", "price": "579", "unit_price": "$.26/ oz", "name": "Earthworm Mold & Mildew Treatment Family Safe Fragrance Free Trigger Spray", "cnid": "1484", "productId": "160237", "size": "22 oz btl"},
{"thumb": "http://i4.peapod.com/c/KK/KKNHZ.gif", "price": "769", "unit_price": "$.75/ oz", "name": "Earthworm Septic System Treatment Family Safe 1 Dose", "cnid": "1484", "productId": "160235", "size": "10.3 oz box"},
{"thumb": "http://i4.peapod.com/c/KK/KKNHZ.gif", "price": "565", "unit_price": "$.35/ oz", "name": "EASY-OFF Oven Cleaner Fume Free Lemon Scent Aerosol", "cnid": "1484", "productId": "39628", "size": "16 oz can"},
{"thumb": "http://i4.peapod.com/c/KK/KKNHZ.gif", "price": "459", "unit_price": "$.46/ oz", "name": "Endust Multi-Surface Dusting & Cleaning Spray Lemon Zest Aerosol", "cnid": "1484", "productId": "1559", "size": "10 oz can"},
{"thumb": "http://i4.peapod.com/c/KK/KKNHZ.gif", "price": "299", "unit_price": "$.09/ oz", "name": "Fabuloso Cleaner Multi-Purpose Lavender Trigger Spray", "cnid": "1484", "productId": "168055", "size": "32 oz btl"},
{"thumb": "http://i4.peapod.com/c/KK/KKNHZ.gif", "price": "369", "unit_price": "$.12/ oz", "name": "Fantastik All Purpose Cleaner Bleach Trigger Spray", "cnid": "1484", "productId": "81179", "size": "32 oz btl"},
{"thumb": "http://i4.peapod.com/c/KK/KKNHZ.gif", "price": "369", "unit_price": "$.12/ oz", "name": "Fantastik Heavy Duty All Purpose Cleaner Antibacterial Trigger Spray", "cnid": "1484", "productId": "43890", "size": "32 oz btl"},
{"thumb": "http://i4.peapod.com/c/KK/KKNHZ.gif", "price": "235", "unit_price": "$.07/ oz", "name": "Glade Carpet & Room Deodorizer Clean Linen", "cnid": "1484", "productId": "146532", "size": "32 oz btl"},
{"thumb": "http://i4.peapod.com/c/KK/KKNHZ.gif", "price": "289", "unit_price": "$.18/ oz", "name": "Lime-A-Way Bathroom Cleaner Trigger Spray", "cnid": "1484", "productId": "22181", "size": "16 oz btl"},
{"thumb": "http://i4.peapod.com/c/KK/KKNHZ.gif", "price": "975", "unit_price": "$.12/ oz", "name": "Liquid-Plumr Full Clog Destroyer Gel Clog Remover", "cnid": "1484", "productId": "30717", "size": "80 oz btl"},
{"thumb": "http://i4.peapod.com/c/KK/KKNHZ.gif", "price": "499", "unit_price": "$.16/ oz", "name": "Liquid-Plumr Full Clog Destroyer Gel Clog Remover", "cnid": "1484", "productId": "6306", "size": "32 oz btl"},
{"thumb": "http://i4.peapod.com/c/KK/KKNHZ.gif", "price": "385", "unit_price": "$.16/ oz", "name": "Lysol Basin Tub & Tile Cleaner Foaming Aerosol", "cnid": "1484", "productId": "1510", "size": "24 oz can"},
{"thumb": "http://i4.peapod.com/c/KK/KKNHZ.gif", "price": "269", "unit_price": "$.11/ oz", "name": "Lysol Cling Toilet Bowl Cleaner Country", "cnid": "1484", "productId": "48053", "size": "24 oz btl"},
{"thumb": "http://i4.peapod.com/c/KK/KKNHZ.gif", "price": "299", "unit_price": "$.09/ oz", "name": "Lysol Complete Clean All-Purpose Cleaner with Bleach Trigger Spray", "cnid": "1484", "productId": "158591", "size": "32 oz btl"},
{"thumb": "http://i4.peapod.com/c/KK/KKNHZ.gif", "price": "299", "unit_price": "$.14/ oz", "name": "Lysol Complete Clean Kitchen Cleaner Antibacterial Citrus Scent Trigger", "cnid": "1484", "productId": "27081", "size": "22 oz btl"},
{"thumb": "http://i4.peapod.com/c/KK/KKNHZ.gif", "price": "269", "unit_price": "$.11/ oz", "name": "Lysol Complete Clean Max Coverage Toilet Bowl Cleaner with Bleach", "cnid": "1484", "productId": "105964", "size": "24 oz btl"},
{"thumb": "http://i4.peapod.com/c/KK/KKNHZ.gif", "price": "300", "unit_price": "$.08/ oz", "name": "Lysol Complete Clean Multi-Surface Cleaner Lavender Breeze", "cnid": "1484", "productId": "154195", "size": "40 oz btl"},
{"thumb": "http://i4.peapod.com/c/KK/KKNHZ.gif", "price": "300", "unit_price": "$.08/ oz", "name": "Lysol Complete Clean Multi-Surface Cleaner Lemon Breeze", "cnid": "1484", "productId": "68756", "size": "40 oz btl"},
{"thumb": "http://i4.peapod.com/c/KK/KKNHZ.gif", "price": "399", "unit_price": "$.08/ oz", "name": "Lysol Complete Clean Power Toilet Bowl Cleaner - 2 pk", "cnid": "1484", "productId": "147995", "size": "48 oz pkg"},
{"thumb": "http://i4.peapod.com/c/KK/KKNHZ.gif", "price": "525", "unit_price": "$.42/ oz", "name": "Lysol Disinfectant Crisp Linen Aerosol Spray", "cnid": "1484", "productId": "51463", "size": "12.5 oz can"},
{"thumb": "http://i4.peapod.com/c/KK/KKNHZ.gif", "price": "685", "unit_price": "$.36/ oz", "name": "Lysol Disinfectant Spray Crisp Linen Scent Aerosol", "cnid": "1484", "productId": "108789", "size": "19 oz can"},
{"thumb": "http://i4.peapod.com/c/KK/KKNHZ.gif", "price": "685", "unit_price": "$.36/ oz", "name": "Lysol Disinfectant Spray Spring Waterfall Scent Aerosol", "cnid": "1484", "productId": "46347", "size": "19 oz can"},
{"thumb": "http://i4.peapod.com/c/KK/KKNHZ.gif", "price": "525", "unit_price": "$.42/ oz", "name": "Lysol Disinfectant Spring Waterfall Aerosol Spray", "cnid": "1484", "productId": "1514", "size": "12.5 oz can"},
{"thumb": "http://i4.peapod.com/c/KK/KKNHZ.gif", "price": "289", "unit_price": "$.08/ ea", "name": "Lysol Disinfecting Wipes Lemon & Lime Blossom Scent", "cnid": "1484", "productId": "119121", "size": "35 ct pkg"},
{"thumb": "http://i4.peapod.com/c/KK/KKNHZ.gif", "price": "289", "unit_price": "$.08/ ea", "name": "Lysol Disinfecting Wipes Ocean Fresh Scent", "cnid": "1484", "productId": "164738", "size": "35 ct pkg"},
{"thumb": "http://i4.peapod.com/c/KK/KKNHZ.gif", "price": "289", "unit_price": "$.08/ ea", "name": "Lysol Dual Action Disinfecting Wipes Citrus Scent", "cnid": "1484", "productId": "152415", "size": "35 ct pkg"},
{"thumb": "http://i4.peapod.com/c/KK/KKNHZ.gif", "price": "399", "unit_price": "$.08/ oz", "name": "Lysol Max Coverage Toilet Bowl Cleaner Cling Gel Country Scent - 2 pk", "cnid": "1484", "productId": "185964", "size": "48 oz btl"},
{"thumb": "http://i4.peapod.com/c/KK/KKNHZ.gif", "price": "399", "unit_price": "$.08/ oz", "name": "Lysol Toilet Bowl Cleaner Max Coverage Complete Clean with Bleach - 2 pk", "cnid": "1484", "productId": "162563", "size": "24 oz btl"},
{"thumb": "http://i4.peapod.com/c/KK/KKNHZ.gif", "price": "459", "unit_price": "$.16/ oz", "name": "Method All Purpose Surface Cleaner French Lavender Trigger Spray Natural", "cnid": "1484", "productId": "144984", "size": "28 oz btl"},
{"thumb": "http://i4.peapod.com/c/KK/KKNHZ.gif", "price": "459", "unit_price": "$.16/ oz", "name": "Method Bathroom Cleaner Tub + Tile Eucalyptus Mint Trigger Spray Natural", "cnid": "1484", "productId": "144981", "size": "28 oz btl"},
{"thumb": "http://i4.peapod.com/c/KK/KKNHZ.gif", "price": "599", "unit_price": "$.50/ oz", "name": "Method Daily Granite + Stone Cleaner Apple Orchard Scent Trigger Spray", "cnid": "1484", "productId": "158592", "size": "12 oz btl"},
{"thumb": "http://i4.peapod.com/c/KK/KKNHZ.gif", "price": "459", "unit_price": "$.16/ oz", "name": "Method Daily Shower Shower Cleaner Ylang Ylang Trigger Spray Natural", "cnid": "1484", "productId": "144980", "size": "28 oz btl"},
{"thumb": "http://i4.peapod.com/c/KK/KKNHZ.gif", "price": "549", "unit_price": "$.17/ oz", "name": "Mop & Glo Multi-Surface Floor Cleaner Fresh Citrus Scent Squirt Bottle", "cnid": "1484", "productId": "1520", "size": "32 oz btl"},
{"thumb": "http://i4.peapod.com/c/KK/KKNHZ.gif", "price": "369", "unit_price": "$.09/ oz", "name": "Mr. Clean Antibacterial Multipurpose Liquid Cleaner Summer Citrus", "cnid": "1484", "productId": "101367", "size": "40 oz btl"},
{"thumb": "http://i4.peapod.com/c/KK/KKNHZ.gif", "price": "339", "unit_price": "$.13/ oz", "name": "Mr. Clean Disinfecting Bath Cleaner with Febreze Meadows & Rain Spray", "cnid": "1484", "productId": "166515", "size": "26 oz btl"},
{"thumb": "http://i4.peapod.com/c/KK/KKNHZ.gif", "price": "389", "unit_price": "$.10/ oz", "name": "Mr. Clean Multi-Surface Liquid Cleaner with Gain Original Scent", "cnid": "1484", "productId": "188396", "size": "40 oz btl"},
{"thumb": "http://i4.peapod.com/c/KK/KKNHZ.gif", "price": "459", "unit_price": "$.14/ oz", "name": "Murphy Original Pure Vegetable Oil Soap Concentrated Wood Floor Cleaner", "cnid": "1484", "productId": "8091", "size": "32 oz btl"},
{"thumb": "http://i4.peapod.com/c/KK/KKNHZ.gif", "price": "425", "unit_price": "$.34/ oz", "name": "Old English Furniture Polish Fresh Lemon Aerosol Spray", "cnid": "1484", "productId": "50197", "size": "12.5 oz can"},
{"thumb": "http://i4.peapod.com/c/KK/KKNHZ.gif", "price": "699", "unit_price": "$.22/ oz", "name": "Pet Select Pee-Pee Super Stain & Odor Remover", "cnid": "1484", "productId": "161438", "size": "32 oz btl"},
{"thumb": "http://i4.peapod.com/c/KK/KKNHZ.gif", "price": "415", "unit_price": "$.09/ oz", "name": "Pine-Sol All-Purpose Liquid Cleaner Lavender Clean", "cnid": "1484", "productId": "135412", "size": "48 oz btl"},
{"thumb": "http://i4.peapod.com/c/KK/KKNHZ.gif", "price": "415", "unit_price": "$.10/ oz", "name": "Pine-Sol All-Purpose Liquid Cleaner Original", "cnid": "1484", "productId": "105349", "size": "40 oz btl"},
{"thumb": "http://i4.peapod.com/c/KK/KKNHZ.gif", "price": "439", "unit_price": "$.18/ ea", "name": "Pledge Clean & Dust Multi-Surface Wipes Streak-Free", "cnid": "1484", "productId": "158541", "size": "25 ct pkg"},
{"thumb": "http://i4.peapod.com/c/KK/KKNHZ.gif", "price": "455", "unit_price": "$.47/ oz", "name": "Pledge Furniture Spray Lemon Clean Aerosol Can", "cnid": "1484", "productId": "27977", "size": "9.7 oz can"},
{"thumb": "http://i4.peapod.com/c/KK/KKNHZ.gif", "price": "629", "unit_price": "$.29/ oz", "name": "Resolve Carpet Cleaner Aerosol Foam", "cnid": "1484", "productId": "33246", "size": "22 oz can"},
{"thumb": "http://i4.peapod.com/c/KK/KKNHZ.gif", "price": "1999", "unit_price": "$19.99/ ea", "name": "Resolve Easy Clean Carpet Cleaning System (Contains Cleaning Foam & Brush)", "cnid": "1484", "productId": "186137", "size": "1 kit"},
{"thumb": "http://i4.peapod.com/c/KK/KKNHZ.gif", "price": "629", "unit_price": "$.29/ oz", "name": "Resolve Pet High Traffic Carpet & Upholstery Cleaner Foam", "cnid": "1484", "productId": "162781", "size": "22 oz btl"},
{"thumb": "http://i4.peapod.com/c/KK/KKNHZ.gif", "price": "899", "unit_price": "$.92/ oz", "name": "Rid-X Septic System Treatment Monthly Dose", "cnid": "1484", "productId": "153092", "size": "9.8 oz pkg"},
{"thumb": "http://i4.peapod.com/c/KK/KKNHZ.gif", "price": "525", "unit_price": "$.15/ oz", "name": "Scrubbing Bubbles Automatic Shower Cleaner Fresh Clean Refill", "cnid": "1484", "productId": "140292", "size": "34 oz btl"},
{"thumb": "http://i4.peapod.com/c/KK/KKNHZ.gif", "price": "525", "unit_price": "$.15/ oz", "name": "Scrubbing Bubbles Automatic Shower Cleaner Refreshing Spa Scent Refill", "cnid": "1484", "productId": "144274", "size": "34 oz btl"},
{"thumb": "http://i4.peapod.com/c/KK/KKNHZ.gif", "price": "449", "unit_price": "$.20/ oz", "name": "Scrubbing Bubbles Bathroom Cleaner Antibacterial Lemon Foaming Aerosol", "cnid": "1484", "productId": "86023", "size": "22 oz can"},
{"thumb": "http://i4.peapod.com/c/KK/KKNHZ.gif", "price": "449", "unit_price": "$.37/ ea", "name": "Scrubbing Bubbles Fresh Brush Toilet Cleaning System Refill Pads", "cnid": "1484", "productId": "134421", "size": "12 ct pkg"},
{"thumb": "http://i4.peapod.com/c/KK/KKNHZ.gif", "price": "525", "unit_price": "$.26/ oz", "name": "Scrubbing Bubbles Shower Cleaner Mega Foamer Extend-A-Clean Aerosol", "cnid": "1484", "productId": "163222", "size": "20 oz can"},
{"thumb": "http://i4.peapod.com/c/KK/KKNHZ.gif", "price": "479", "unit_price": "$.80/ ea", "name": "Scrubbing Bubbles Toilet Cleaning Gel Fresh Clean", "cnid": "1484", "productId": "163827", "size": "6 ct pkg"},
{"thumb": "http://i4.peapod.com/c/KK/KKNHZ.gif", "price": "415", "unit_price": "$.17/ oz", "name": "Soft Scrub Cleanser Lemon Squeeze", "cnid": "1484", "productId": "25105", "size": "24 oz btl"},
{"thumb": "http://i4.peapod.com/c/KK/KKNHZ.gif", "price": "479", "unit_price": "$.13/ oz", "name": "Soft Scrub Cleanser with Bleach Antibacterial Squeeze", "cnid": "1484", "productId": "25104", "size": "36 oz btl"},
{"thumb": "http://i4.peapod.com/c/KK/KKNHZ.gif", "price": "369", "unit_price": "$.12/ oz", "name": "Spic & Span Cinch Glass & Multi-Surface Cleaner Trigger Spray", "cnid": "1484", "productId": "62427", "size": "32 oz btl"},
{"thumb": "http://i4.peapod.com/c/KK/KKNHZ.gif", "price": "369", "unit_price": "$.09/ oz", "name": "Spic & Span Multi Surface & Floor Cleaner Liquid Sun Fresh Scent", "cnid": "1484", "productId": "105346", "size": "40 oz btl"},
{"thumb": "http://i4.peapod.com/c/KK/KKNHZ.gif", "price": "499", "unit_price": "$.36/ oz", "name": "Spot Shot Instant Carpet Stain Remover Aerosol Foam", "cnid": "1484", "productId": "84825", "size": "14 oz can"},
{"thumb": "http://i4.peapod.com/c/KK/KKNHZ.gif", "price": "219", "unit_price": "$.06/ ea", "name": "Stop & Shop Pure Power Cleaning Wipes Fresh Scent", "cnid": "1484", "productId": "158009", "size": "35 ct pkg"},
{"thumb": "http://i4.peapod.com/c/KK/KKNHZ.gif", "price": "499", "unit_price": "$.05/ ea", "name": "Stop & Shop Pure Power Disinfectant Wipes Lemon", "cnid": "1484", "productId": "161516", "size": "110 ct pkg"},
{"thumb": "http://i4.peapod.com/c/KK/KKNHZ.gif", "price": "439", "unit_price": "$.06/ oz", "name": "Stop & Shop Pure Power Glass Cleaner with Ammonia Refill", "cnid": "1484", "productId": "161517", "size": "2 ltr btl"},
{"thumb": "http://i4.peapod.com/c/KK/KKNHZ.gif", "price": "529", "unit_price": "$.33/ ea", "name": "Swiffer Sweeper Dry Sweeping Refills", "cnid": "1484", "productId": "112338", "size": "16 ct box"},
{"thumb": "http://i4.peapod.com/c/KK/KKNHZ.gif", "price": "525", "unit_price": "$.44/ ea", "name": "Swiffer Sweeper Wet Mopping Refills Open Window Fresh Scent", "cnid": "1484", "productId": "122537", "size": "12 ct pkg"},
{"thumb": "http://i4.peapod.com/c/KK/KKNHZ.gif", "price": "525", "unit_price": "$.44/ ea", "name": "Swiffer Sweeper Wet Mopping Refills with Febreze Scent Sweet Citrus & Zest", "cnid": "1484", "productId": "162987", "size": "12 ct pkg"},
{"thumb": "http://i4.peapod.com/c/KK/KKNHZ.gif", "price": "1079", "unit_price": "$.13/ oz", "name": "Swiffer WetJet Multi-Purpose Cleaner Refill Open Window Fresh Scent - 2 ct", "cnid": "1484", "productId": "188374", "size": "84.4 oz btl"},
{"thumb": "http://i4.peapod.com/c/KK/KKNHZ.gif", "price": "1079", "unit_price": "$.63/ ea", "name": "Swiffer WetJet Pad Refills", "cnid": "1484", "productId": "187042", "size": "17 ct box"},
{"thumb": "http://i4.peapod.com/c/KK/KKNHZ.gif", "price": "629", "unit_price": "$.15/ oz", "name": "Swiffer WetJet Wood Floor Cleaner Refill Blossom Breeze", "cnid": "1484", "productId": "137367", "size": "42.2 oz btl"},
{"thumb": "http://i4.peapod.com/c/KK/KKNHZ.gif", "price": "715", "unit_price": "$.60/ oz", "name": "Tarn-X Tarnish Remover", "cnid": "1484", "productId": "160131", "size": "12 oz btl"},
{"thumb": "http://i4.peapod.com/c/KK/KKNHZ.gif", "price": "519", "unit_price": "$.16/ oz", "name": "Tilex Bathroom Cleaner Lemon Scent Trigger Spray", "cnid": "1484", "productId": "116208", "size": "32 oz btl"},
{"thumb": "http://i4.peapod.com/c/KK/KKNHZ.gif", "price": "339", "unit_price": "$.11/ oz", "name": "Tilex Fresh Shower Daily Shower Cleaner Original Trigger Spray", "cnid": "1484", "productId": "91749", "size": "32 oz btl"},
{"thumb": "http://i4.peapod.com/c/KK/KKNHZ.gif", "price": "519", "unit_price": "$.16/ oz", "name": "Tilex Mold & Mildew Remover Trigger Spray", "cnid": "1484", "productId": "114033", "size": "32 oz btl"},
{"thumb": "http://i4.peapod.com/c/KK/KKNHZ.gif", "price": "589", "unit_price": "$.20/ ea", "name": "Weiman Cook Top Wipes", "cnid": "1484", "productId": "162218", "size": "30 ct pkg"},
{"thumb": "http://i4.peapod.com/c/KK/KKNHZ.gif", "price": "679", "unit_price": "$.68/ oz", "name": "Weiman Glass Cook Top Cleaner & Polish for Smooth Top Ranges", "cnid": "1484", "productId": "153098", "size": "10 oz btl"},
{"thumb": "http://i4.peapod.com/c/KK/KKNHZ.gif", "price": "589", "unit_price": "$.20/ ea", "name": "Weiman Leather Wipes", "cnid": "1484", "productId": "171183", "size": "30 ct pkg"},
{"thumb": "http://i4.peapod.com/c/KK/KKNHZ.gif", "price": "419", "unit_price": "$.16/ oz", "name": "Windex Glass Cleaner Crystal Rain Trigger Spray", "cnid": "1484", "productId": "144277", "size": "26 oz btl"},
{"thumb": "http://i4.peapod.com/c/KK/KKNHZ.gif", "price": "635", "unit_price": "$.09/ oz", "name": "Windex Glass Cleaner Original Refill", "cnid": "1484", "productId": "1542", "size": "2 ltr btl"},
{"thumb": "http://i4.peapod.com/c/KK/KKNHZ.gif", "price": "419", "unit_price": "$.16/ oz", "name": "Windex Glass Cleaner Original Trigger Spray", "cnid": "1484", "productId": "1541", "size": "26 oz btl"},
{"thumb": "http://i4.peapod.com/c/KK/KKNHZ.gif", "price": "419", "unit_price": "$.16/ oz", "name": "Windex Multi-Surface Cleaner Antibacterial Trigger Spray", "cnid": "1484", "productId": "144066", "size": "26 oz btl"},
{"thumb": "http://i4.peapod.com/c/KK/KKNHZ.gif", "price": "389", "unit_price": "$.14/ ea", "name": "Windex Original Clean & Dust Wipes Flat Pack", "cnid": "1484", "productId": "126402", "size": "28 ct pkg"},
{"thumb": "http://i4.peapod.com/c/KK/KKNHZ.gif", "price": "459", "unit_price": "$.33/ oz", "name": "Woolite Oxy Deep Power Shot Carpet Cleaner Aerosol Foam", "cnid": "1484", "productId": "152416", "size": "14 oz can"},
{"thumb": "http://i4.peapod.com/c/KK/KKNHZ.gif", "price": "559", "unit_price": "$.70/ oz", "name": "Wright's Polish Silver Cream", "cnid": "1484", "productId": "341", "size": "8 oz jar"},
{"thumb": "http://i4.peapod.com/c/KK/KKNHZ.gif", "price": "329", "unit_price": "$.11/ ea", "name": "ECOzip 2 Bags in 1 Bag Multi-Storage Snack/Sandwich", "cnid": "1472", "productId": "178506", "size": "30 ct box"},
{"thumb": "http://i4.peapod.com/c/KK/KKNHZ.gif", "price": "329", "unit_price": "$.22/ ea", "name": "ECOzip 2 Bags in 1 Gallon/Multi Storage", "cnid": "1472", "productId": "179039", "size": "15 ct box"},
{"thumb": "http://i4.peapod.com/c/KK/KKNHZ.gif", "price": "329", "unit_price": "$.11/ ea", "name": "ECOzip 2 Bags in 1 Quart/Multi Storage", "cnid": "1472", "productId": "179572", "size": "30 ct box"},
{"thumb": "http://i4.peapod.com/c/KK/KKNHZ.gif", "price": "299", "unit_price": "$1.50/ 100sf", "name": "Glad Cling Wrap 12 Inch Wide", "cnid": "1472", "productId": "554", "size": "200 sq ft"},
{"thumb": "http://i4.peapod.com/c/KK/KKNHZ.gif", "price": "395", "unit_price": "$5.64/ 100sf", "name": "Glad Press'n Seal Plastic Wrap", "cnid": "1472", "productId": "131754", "size": "70 sq ft"},
{"thumb": "http://i4.peapod.com/c/KK/KKNHZ.gif", "price": "319", "unit_price": "$1.06/ ea", "name": "GladWare Containers Big Bowl Large with Lids 48 oz ea", "cnid": "1472", "productId": "123635", "size": "3 ct pkg"},
{"thumb": "http://i4.peapod.com/c/KK/KKNHZ.gif", "price": "319", "unit_price": "$.64/ ea", "name": "GladWare Containers Entree with Lids 25 oz ea", "cnid": "1472", "productId": "87751", "size": "5 ct pkg"},
{"thumb": "http://i4.peapod.com/c/KK/KKNHZ.gif", "price": "100", "unit_price": "$.01/ ea", "name": "Guaranteed Value Sandwich Bags Fold & Close", "cnid": "1472", "productId": "150573", "size": "150 ct box"},
{"thumb": "http://i4.peapod.com/c/KK/KKNHZ.gif", "price": "150", "unit_price": "$1.50/ ea", "name": "Hefty EZ Foil All-Purpose Pan 13 1/2 X 9 5/8 X 2 3/4 Inch", "cnid": "1472", "productId": "108143", "size": "1 ct"},
{"thumb": "http://i4.peapod.com/c/KK/KKNHZ.gif", "price": "250", "unit_price": "$2.50/ ea", "name": "Hefty EZ Foil All-Purpose Pan with Lid 12 1/2 X 8 5/8 X 2 3/4 Inch", "cnid": "1472", "productId": "156290", "size": "1 ct"},
{"thumb": "http://i4.peapod.com/c/KK/KKNHZ.gif", "price": "250", "unit_price": "$.83/ ea", "name": "Hefty EZ Foil Broiler Pans 11 X 8 X 1 Inch", "cnid": "1472", "productId": "72486", "size": "3 ct"},
{"thumb": "http://i4.peapod.com/c/KK/KKNHZ.gif", "price": "100", "unit_price": "$.50/ ea", "name": "Hefty EZ Foil Broiler Pans Super Roaster 11 X 8 X 1 Inch", "cnid": "1472", "productId": "11431", "size": "2 ct"},
{"thumb": "http://i4.peapod.com/c/KK/KKNHZ.gif", "price": "100", "unit_price": "$.33/ ea", "name": "Hefty EZ Foil Cake Pans 8 X 8 X 1 3/4 Inch", "cnid": "1472", "productId": "82117", "size": "3 ct"},
{"thumb": "http://i4.peapod.com/c/KK/KKNHZ.gif", "price": "150", "unit_price": "$.50/ ea", "name": "Hefty EZ Foil Cake Pans Oblong 12.25 X 8.25 X 1.25 Inch", "cnid": "1472", "productId": "131114", "size": "3 ct"},
{"thumb": "http://i4.peapod.com/c/KK/KKNHZ.gif", "price": "250", "unit_price": "$1.25/ ea", "name": "Hefty EZ Foil Cake Pans with Cover 1/4 Sheet Cake 12.25 x 8.25 x 1.25 Inch", "cnid": "1472", "productId": "151812", "size": "2 ct"},
{"thumb": "http://i4.peapod.com/c/KK/KKNHZ.gif", "price": "250", "unit_price": "$1.25/ ea", "name": "Hefty EZ Foil Cake Pans with Covers 13 X 9 X 2 Inch", "cnid": "1472", "productId": "162283", "size": "2 ct"},
{"thumb": "http://i4.peapod.com/c/KK/KKNHZ.gif", "price": "250", "unit_price": "$.83/ ea", "name": "Hefty EZ Foil Cake Pan with Covers 8 X 8 X 1 5/8 Inch", "cnid": "1472", "productId": "162280", "size": "3 ct"},
{"thumb": "http://i4.peapod.com/c/KK/KKNHZ.gif", "price": "150", "unit_price": "$.75/ ea", "name": "Hefty EZ Foil Casserole Pans 11 X 9 X 1 Inch", "cnid": "1472", "productId": "11423", "size": "2 ct"},
{"thumb": "http://i4.peapod.com/c/KK/KKNHZ.gif", "price": "150", "unit_price": "$.75/ ea", "name": "Hefty EZ Foil Casserole Pans Giant 9.25 X 2.75 Inch", "cnid": "1472", "productId": "118261", "size": "2 ct"},
{"thumb": "http://i4.peapod.com/c/KK/KKNHZ.gif", "price": "150", "unit_price": "$1.50/ ea", "name": "Hefty EZ Foil Classic Crown Roaster Medium 12-7/8 X 10 X 2-7/8 Inch", "cnid": "1472", "productId": "127777", "size": "1 ct"},
{"thumb": "http://i4.peapod.com/c/KK/KKNHZ.gif", "price": "200", "unit_price": "$1.00/ ea", "name": "Hefty EZ Foil Cookie Sheets 15 X 10 1/4 X 3/4 Inch", "cnid": "1472", "productId": "162284", "size": "2 ct"},
{"thumb": "http://i4.peapod.com/c/KK/KKNHZ.gif", "price": "200", "unit_price": "$2.00/ ea", "name": "Hefty EZ Foil Crown Rack Oval Roaster 17.25", "cnid": "1472", "productId": "127750", "size": "1 ct"},
{"thumb": "http://i4.peapod.com/c/KK/KKNHZ.gif", "price": "150", "unit_price": "$.75/ ea", "name": "Hefty EZ Foil EZ Elegance Baking Pans 13 X 9 X 2 Inch", "cnid": "1472", "productId": "11421", "size": "2 ct"},
{"thumb": "http://i4.peapod.com/c/KK/KKNHZ.gif", "price": "100", "unit_price": "$.50/ ea", "name": "Hefty EZ Foil Fudge Pans 9 X 6 X 1 Inch", "cnid": "1472", "productId": "82411", "size": "2 ct"},
{"thumb": "http://i4.peapod.com/c/KK/KKNHZ.gif", "price": "150", "unit_price": "$1.50/ ea", "name": "Hefty EZ Foil Lasagna Pan Extra Deep 13.5 X 9 5/8 X 2.75 Inch", "cnid": "1472", "productId": "80668", "size": "1 ct"},
{"thumb": "http://i4.peapod.com/c/KK/KKNHZ.gif", "price": "100", "unit_price": "$.33/ ea", "name": "Hefty EZ Foil Loaf Pans 8 X 3 X 2 Inch", "cnid": "1472", "productId": "82116", "size": "3 ct"},
{"thumb": "http://i4.peapod.com/c/KK/KKNHZ.gif", "price": "100", "unit_price": "$.50/ ea", "name": "Hefty EZ Foil Loaf Pans 9 X 5 X 3 Inch", "cnid": "1472", "productId": "79308", "size": "2 ct"},
{"thumb": "http://i4.peapod.com/c/KK/KKNHZ.gif", "price": "100", "unit_price": "$.33/ ea", "name": "Hefty EZ Foil Pie Pans 9 X 1 Inch", "cnid": "1472", "productId": "11429", "size": "3 ct"},
{"thumb": "http://i4.peapod.com/c/KK/KKNHZ.gif", "price": "150", "unit_price": "$.75/ ea", "name": "Hefty EZ Foil Roaster Baker Pans Super 11 X 9 X 2 Inch", "cnid": "1472", "productId": "11424", "size": "2 ct"},
{"thumb": "http://i4.peapod.com/c/KK/KKNHZ.gif", "price": "250", "unit_price": "$1.25/ ea", "name": "Hefty EZ Foil Roaster Pans with Covers EZ Elegance 11 3/4 X 9 1/4 X 2 1/2", "cnid": "1472", "productId": "169838", "size": "2 ct"},
{"thumb": "http://i4.peapod.com/c/KK/KKNHZ.gif", "price": "250", "unit_price": "$2.50/ ea", "name": "Hefty EZ Foil Roaster Pan w/Handles 16 1/8 X 11 3/4 X 3 7/8 Inch", "cnid": "1472", "productId": "162282", "size": "1 ct"},
{"thumb": "http://i4.peapod.com/c/KK/KKNHZ.gif", "price": "250", "unit_price": "$2.50/ ea", "name": "Hefty EZ Foil Roaster Pan w/Handles 16 7/8 X 12 11/16 X 3 1/16 Inch", "cnid": "1472", "productId": "162281", "size": "1 ct"},
{"thumb": "http://i4.peapod.com/c/KK/KKNHZ.gif", "price": "200", "unit_price": "$2.00/ ea", "name": "Hefty EZ Foil SuperRoaster Roasting Pan Heavy Duty 16 X 12.5 X 3.25 Inch", "cnid": "1472", "productId": "88869", "size": "1 ct"},
{"thumb": "http://i4.peapod.com/c/KK/KKNHZ.gif", "price": "300", "unit_price": "$1.50/ ea", "name": "Hefty EZ Ovenware Casserole Pans with Covers 2 Quart", "cnid": "1472", "productId": "169846", "size": "2 ct"},
{"thumb": "http://i4.peapod.com/c/KK/KKNHZ.gif", "price": "249", "unit_price": "$.19/ ea", "name": "Hefty One Zip Freezer Bags Gallon", "cnid": "1472", "productId": "43639", "size": "13 ct box"},
{"thumb": "http://i4.peapod.com/c/KK/KKNHZ.gif", "price": "361", "unit_price": "$.14/ ea", "name": "Hefty One Zip Freezer Bags Gallon", "cnid": "1472", "productId": "73788", "size": "25 ct box"},
{"thumb": "http://i4.peapod.com/c/KK/KKNHZ.gif", "price": "361", "unit_price": "$.30/ ea", "name": "Hefty One Zip Storage Bags Jumbo 2.5 Gallon", "cnid": "1472", "productId": "117263", "size": "12 ct box"},
{"thumb": "http://i4.peapod.com/c/KK/KKNHZ.gif", "price": "249", "unit_price": "$.14/ ea", "name": "Hefty Slider Freezer Bags Quart", "cnid": "1472", "productId": "43640", "size": "18 ct box"},
{"thumb": "http://i4.peapod.com/c/KK/KKNHZ.gif", "price": "361", "unit_price": "$.12/ ea", "name": "Hefty Storage Bags Slider Gallon", "cnid": "1472", "productId": "73790", "size": "30 ct box"},
{"thumb": "http://i4.peapod.com/c/KK/KKNHZ.gif", "price": "249", "unit_price": "$.11/ ea", "name": "Hefty Storage Bags Slider Quart", "cnid": "1472", "productId": "43637", "size": "22 ct box"},
{"thumb": "http://i4.peapod.com/c/KK/KKNHZ.gif", "price": "599", "unit_price": "$8.56/ 100sf", "name": "IF YOU CARE Parchment Baking Paper Chlorine-Free Unbleached 13 Inch Wide", "cnid": "1472", "productId": "137294", "size": "70 sq ft"},
{"thumb": "http://i4.peapod.com/c/KK/KKNHZ.gif", "price": "799", "unit_price": "$2.00/ ea", "name": "Pyrex Custard Cups 6 oz ea - 4 ct", "cnid": "1472", "productId": "156864", "size": "4 ct pkg"},
{"thumb": "http://i4.peapod.com/c/KK/KKNHZ.gif", "price": "499", "unit_price": "$4.99/ ea", "name": "Pyrex Storage Round Dish with Lid 2 Cup", "cnid": "1472", "productId": "156865", "size": "1 ct pkg"},
{"thumb": "http://i4.peapod.com/c/KK/KKNHZ.gif", "price": "175", "unit_price": "$2.33/ 100sf", "name": "Reynolds Cut-Rite Wax Paper 11.9 Inch Wide", "cnid": "1472", "productId": "239", "size": "75 sq ft"},
{"thumb": "http://i4.peapod.com/c/KK/KKNHZ.gif", "price": "395", "unit_price": "$5.27/ 100sf", "name": "Reynolds Freezer Paper Plastic Coated", "cnid": "1472", "productId": "155964", "size": "75 sq ft"},
{"thumb": "http://i4.peapod.com/c/KK/KKNHZ.gif", "price": "275", "unit_price": "$1.38/ ea", "name": "Reynolds Oven Bags Turkey Size 19 X 23 1/2 Inch", "cnid": "1472", "productId": "241", "size": "2 ct box"},
{"thumb": "http://i4.peapod.com/c/KK/KKNHZ.gif", "price": "369", "unit_price": "$12.30/ 100sf", "name": "Reynolds Parchment Cooking Paper 15 Inch Wide", "cnid": "1472", "productId": "112779", "size": "30 sq ft"},
{"thumb": "http://i4.peapod.com/c/KK/KKNHZ.gif", "price": "345", "unit_price": "$.86/ ea", "name": "Reynolds Slow Cooker Liners 13 X 21 Inch", "cnid": "1472", "productId": "138948", "size": "4 ct box"},
{"thumb": "http://i4.peapod.com/c/KK/KKNHZ.gif", "price": "799", "unit_price": "$3.99/ 100sf", "name": "Reynolds Wrap Aluminum Foil", "cnid": "1472", "productId": "232", "size": "200 sq ft"},
{"thumb": "http://i4.peapod.com/c/KK/KKNHZ.gif", "price": "215", "unit_price": "$7.17/ 100sf", "name": "Reynolds Wrap Aluminum Foil", "cnid": "1472", "productId": "230", "size": "30 sq ft"},
{"thumb": "http://i4.peapod.com/c/KK/KKNHZ.gif", "price": "350", "unit_price": "$4.67/ 100sf", "name": "Reynolds Wrap Aluminum Foil", "cnid": "1472", "productId": "231", "size": "75 sq ft"},
{"thumb": "http://i4.peapod.com/c/KK/KKNHZ.gif", "price": "350", "unit_price": "$7.00/ 100sf", "name": "Reynolds Wrap Aluminum Foil Heavy Duty 12 Inch Wide", "cnid": "1472", "productId": "45466", "size": "50 sq ft"},
{"thumb": "http://i4.peapod.com/c/KK/KKNHZ.gif", "price": "549", "unit_price": "$7.32/ 100sf", "name": "Reynolds Wrap Aluminum Foil Heavy Duty 18 Inch", "cnid": "1472", "productId": "234", "size": "75 sq ft"},
{"thumb": "http://i4.peapod.com/c/KK/KKNHZ.gif", "price": "359", "unit_price": "$9.45/ 100sf", "name": "Reynolds Wrap Aluminum Foil Heavy Duty 18 Inch Wide", "cnid": "1472", "productId": "233", "size": "37.5 sq ft"},
{"thumb": "http://i4.peapod.com/c/KK/KKNHZ.gif", "price": "350", "unit_price": "$10.00/ 100sf", "name": "Reynolds Wrap Release Aluminum Foil Non-Stick 12 Inch Wide", "cnid": "1472", "productId": "129899", "size": "35 sq ft"},
{"thumb": "http://i4.peapod.com/c/KK/KKNHZ.gif", "price": "599", "unit_price": "$5.99/ ea", "name": "Rubbermaid MixerMate Bottle 2 Quart", "cnid": "1472", "productId": "62294", "size": "1 ea"},
{"thumb": "http://i4.peapod.com/c/KK/KKNHZ.gif", "price": "219", "unit_price": "$1.10/ 100sf", "name": "Saran Wrap Cling Plus Clear 11 3/4 Inch Wide", "cnid": "1472", "productId": "2353", "size": "200 sq ft"},
{"thumb": "http://i4.peapod.com/c/KK/KKNHZ.gif", "price": "524", "unit_price": "$5.24/ ea", "name": "Smart Living Bake & Roast Pan Non-Stick 9 X 13 Inch", "cnid": "1472", "productId": "156018", "size": "1 ct"},
{"thumb": "http://i4.peapod.com/c/KK/KKNHZ.gif", "price": "374", "unit_price": "$3.74/ ea", "name": "Smart Living Brownie Pan Non-Stick 11 X 7 Inch", "cnid": "1472", "productId": "156858", "size": "1 ct"},
{"thumb": "http://i4.peapod.com/c/KK/KKNHZ.gif", "price": "599", "unit_price": "$5.99/ ea", "name": "Smart Living Cake Pan Fluted Non-Stick 9 Inch", "cnid": "1472", "productId": "156855", "size": "1 ct"},
{"thumb": "http://i4.peapod.com/c/KK/KKNHZ.gif", "price": "374", "unit_price": "$3.74/ ea", "name": "Smart Living Cake Pan Round Non-Stick 9 Inch", "cnid": "1472", "productId": "156019", "size": "1 ct"},
{"thumb": "http://i4.peapod.com/c/KK/KKNHZ.gif", "price": "374", "unit_price": "$3.74/ ea", "name": "Smart Living Cake Pan Square Non-Stick 8 X 8 Inch", "cnid": "1472", "productId": "156859", "size": "1 ct"},
{"thumb": "http://i4.peapod.com/c/KK/KKNHZ.gif", "price": "599", "unit_price": "$5.99/ ea", "name": "Smart Living Cookie Sheet Pan Large Non-Stick 17 X 11 Inch", "cnid": "1472", "productId": "156021", "size": "1 ct"},
{"thumb": "http://i4.peapod.com/c/KK/KKNHZ.gif", "price": "449", "unit_price": "$4.49/ ea", "name": "Smart Living Cookie Sheet Pan Medium Non-Stick 15 X 10 Inch", "cnid": "1472", "productId": "156020", "size": "1 ct"},
{"thumb": "http://i4.peapod.com/c/KK/KKNHZ.gif", "price": "899", "unit_price": "$4.49/ ea", "name": "Smart Living Cooling Rack Set Non-Stick 10 X 16 Inch", "cnid": "1472", "productId": "156861", "size": "2 ct"},
{"thumb": "http://i4.peapod.com/c/KK/KKNHZ.gif", "price": "374", "unit_price": "$3.74/ ea", "name": "Smart Living Loaf Pan Large Non-Stick 9 X 5 Inch", "cnid": "1472", "productId": "156860", "size": "1 ct"},
{"thumb": "http://i4.peapod.com/c/KK/KKNHZ.gif", "price": "412", "unit_price": "$4.12/ ea", "name": "Smart Living Muffin Pan Mini Non-Stick 12 Cup", "cnid": "1472", "productId": "156862", "size": "1 ct"},
{"thumb": "http://i4.peapod.com/c/KK/KKNHZ.gif", "price": "599", "unit_price": "$5.99/ ea", "name": "Smart Living Muffin Pan Non-Stick 12 Cup", "cnid": "1472", "productId": "156022", "size": "1 ct"},
{"thumb": "http://i4.peapod.com/c/KK/KKNHZ.gif", "price": "524", "unit_price": "$5.24/ ea", "name": "Smart Living Muffin Pan Texas Non-Stick 6 Cup", "cnid": "1472", "productId": "156857", "size": "1 ea"},
{"thumb": "http://i4.peapod.com/c/KK/KKNHZ.gif", "price": "337", "unit_price": "$3.37/ ea", "name": "Smart Living Pie Pan Non-Sick 9 Inch", "cnid": "1472", "productId": "156854", "size": "1 ct"},
{"thumb": "http://i4.peapod.com/c/KK/KKNHZ.gif", "price": "449", "unit_price": "$4.49/ ea", "name": "Smart Living Pizza Pan Non-Stick 12 Inch", "cnid": "1472", "productId": "156856", "size": "1 ct"},
{"thumb": "http://i4.peapod.com/c/KK/KKNHZ.gif", "price": "825", "unit_price": "$4.12/ 100sf", "name": "Stop & Shop Aluminum Foil 12 Inch Wide", "cnid": "1472", "productId": "58437", "size": "200 sq ft"},
{"thumb": "http://i4.peapod.com/c/KK/KKNHZ.gif", "price": "339", "unit_price": "$4.52/ 100sf", "name": "Stop & Shop Aluminum Foil 12 Inch Wide", "cnid": "1472", "productId": "58441", "size": "75 sq ft"},
{"thumb": "http://i4.peapod.com/c/KK/KKNHZ.gif", "price": "339", "unit_price": "$6.78/ 100sf", "name": "Stop & Shop Aluminum Foil Heavy Duty", "cnid": "1472", "productId": "125428", "size": "50 sq ft"},
{"thumb": "http://i4.peapod.com/c/KK/KKNHZ.gif", "price": "255", "unit_price": "$.51/ ea", "name": "Stop & Shop Containers & Lids Entree Disposable 3 1/8 Cup", "cnid": "1472", "productId": "145195", "size": "5 ct pkg"},
{"thumb": "http://i4.peapod.com/c/KK/KKNHZ.gif", "price": "255", "unit_price": "$.51/ ea", "name": "Stop & Shop Containers & Lids Soup & Salad Disposable 3 Cup", "cnid": "1472", "productId": "145193", "size": "5 ct pkg"},
{"thumb": "http://i4.peapod.com/c/KK/KKNHZ.gif", "price": "200", "unit_price": "$.02/ ea", "name": "Stop & Shop Lunch Bags Brown Paper", "cnid": "1472", "productId": "58672", "size": "100 ct pkg"},
{"thumb": "http://i4.peapod.com/c/KK/KKNHZ.gif", "price": "125", "unit_price": "$.03/ ea", "name": "Stop & Shop Reclosable Bags Snack", "cnid": "1472", "productId": "122550", "size": "50 ct box"},
{"thumb": "http://i4.peapod.com/c/KK/KKNHZ.gif", "price": "300", "unit_price": "$.06/ ea", "name": "Stop & Shop Seal & Lock Double Zipper Food Storage Bags Quart", "cnid": "1472", "productId": "162012", "size": "50 ct box"},
{"thumb": "http://i4.peapod.com/c/KK/KKNHZ.gif", "price": "250", "unit_price": "$.03/ ea", "name": "Stop & Shop Seal & Lock Sandwich Bags", "cnid": "1472", "productId": "58677", "size": "100 ct box"},
{"thumb": "http://i4.peapod.com/c/KK/KKNHZ.gif", "price": "125", "unit_price": "$.03/ ea", "name": "Stop & Shop Seal & Lock Sandwich Bags", "cnid": "1472", "productId": "162973", "size": "50 ct box"},
{"thumb": "http://i4.peapod.com/c/KK/KKNHZ.gif", "price": "300", "unit_price": "$.10/ ea", "name": "Stop & Shop Seal & Lock Storage Bags Double Zipper Freezer Gallon", "cnid": "1472", "productId": "137391", "size": "30 ct box"},
{"thumb": "http://i4.peapod.com/c/KK/KKNHZ.gif", "price": "300", "unit_price": "$.08/ ea", "name": "Stop & Shop Seal & Lock Storage Bags Double Zipper Gallon", "cnid": "1472", "productId": "137389", "size": "40 ct box"},
{"thumb": "http://i4.peapod.com/c/KK/KKNHZ.gif", "price": "229", "unit_price": "$.12/ ea", "name": "Stop & Shop Seal & Lock Storage Bags Gallon", "cnid": "1472", "productId": "58679", "size": "20 ct box"},
{"thumb": "http://i4.peapod.com/c/KK/KKNHZ.gif", "price": "300", "unit_price": "$.08/ ea", "name": "Stop & Shop Seal & Lock Storage Bags Zipper Freezer Quart", "cnid": "1472", "productId": "187122", "size": "40 ct box"},
{"thumb": "http://i4.peapod.com/c/KK/KKNHZ.gif", "price": "99", "unit_price": "$.99/ ea", "name": "Stop & Shop Shopping Bag Reusable Green", "cnid": "1472", "productId": "147993", "size": "1 ea"},
{"thumb": "http://i4.peapod.com/c/KK/KKNHZ.gif", "price": "129", "unit_price": "$1.72/ 100sf", "name": "Stop & Shop Wax Paper 12 Inch Wide", "cnid": "1472", "productId": "58444", "size": "75 sq ft"},
{"thumb": "http://i4.peapod.com/c/KK/KKNHZ.gif", "price": "619", "unit_price": "$1.24/ ea", "name": "Ziploc Big Bags Large 1.25' x 1.25'", "cnid": "1472", "productId": "144281", "size": "5 ct box"},
{"thumb": "http://i4.peapod.com/c/KK/KKNHZ.gif", "price": "619", "unit_price": "$2.06/ ea", "name": "Ziploc Big Bags XXL 2' x 2.7'", "cnid": "1472", "productId": "140215", "size": "3 ct box"},
{"thumb": "http://i4.peapod.com/c/KK/KKNHZ.gif", "price": "459", "unit_price": "$.15/ ea", "name": "Ziploc Freezer Bags Double Zipper Gallon", "cnid": "1472", "productId": "38161", "size": "30 ct box"},
{"thumb": "http://i4.peapod.com/c/KK/KKNHZ.gif", "price": "459", "unit_price": "$.12/ ea", "name": "Ziploc Freezer Bags Double Zipper Heavy Duty Quart", "cnid": "1472", "productId": "2356", "size": "40 ct box"},
{"thumb": "http://i4.peapod.com/c/KK/KKNHZ.gif", "price": "319", "unit_price": "$.53/ ea", "name": "Ziploc Smart Snap Containers Single Serving with Lids 8 oz ea", "cnid": "1472", "productId": "114792", "size": "6 ct pkg"},
{"thumb": "http://i4.peapod.com/c/KK/KKNHZ.gif", "price": "319", "unit_price": "$.64/ ea", "name": "Ziploc Smart Snap Containers Square Small with Lids 20 oz ea", "cnid": "1472", "productId": "101824", "size": "5 ct pkg"},
{"thumb": "http://i4.peapod.com/c/KK/KKNHZ.gif", "price": "319", "unit_price": "$.80/ ea", "name": "Ziploc Smart Snap Containers with Lids Medium Square 32 oz ea", "cnid": "1472", "productId": "102087", "size": "4 ct pkg"},
{"thumb": "http://i4.peapod.com/c/KK/KKNHZ.gif", "price": "300", "unit_price": "$.20/ ea", "name": "Ziploc Smart Zip Slider Freezer Bags Heavy Duty Quart", "cnid": "1472", "productId": "92561", "size": "15 ct box"},
{"thumb": "http://i4.peapod.com/c/KK/KKNHZ.gif", "price": "300", "unit_price": "$.20/ ea", "name": "Ziploc Smart Zip Slider Storage Bags Gallon", "cnid": "1472", "productId": "92562", "size": "15 ct box"},
{"thumb": "http://i4.peapod.com/c/KK/KKNHZ.gif", "price": "219", "unit_price": "$.04/ ea", "name": "Ziploc Snack Bags", "cnid": "1472", "productId": "29325", "size": "50 ct box"},
{"thumb": "http://i4.peapod.com/c/KK/KKNHZ.gif", "price": "459", "unit_price": "$.12/ ea", "name": "Ziploc Storage Bags Double Zipper Gallon", "cnid": "1472", "productId": "30122", "size": "40 ct box"},
{"thumb": "http://i4.peapod.com/c/KK/KKNHZ.gif", "price": "319", "unit_price": "$1.06/ ea", "name": "Ziploc Twist 'n Loc Containers Small Round with Lids 16 oz ea", "cnid": "1472", "productId": "141715", "size": "3 ct pkg"},
{"thumb": "http://i4.peapod.com/c/KK/KKNHZ.gif", "price": "329", "unit_price": "$.41/ ea", "name": "Ziploc Vacuum Freezer Refill Bags Gallon", "cnid": "1472", "productId": "152397", "size": "8 ct box"},
{"thumb": "http://i4.peapod.com/c/KK/KKNHZ.gif", "price": "329", "unit_price": "$.27/ ea", "name": "Ziploc Vacuum Freezer Refill Bags Quart", "cnid": "1472", "productId": "152396", "size": "12 ct box"},
{"thumb": "http://i4.peapod.com/c/KK/KKNHZ.gif", "price": "299", "unit_price": "$.30/ ea", "name": "Ziploc Zip 'n Steam Microwave Steam Cooking Bags Medium", "cnid": "1472", "productId": "146373", "size": "10 ct pkg"},
{"thumb": "http://i4.peapod.com/c/KK/KKNHZ.gif", "price": "188", "unit_price": "$.06/ oz", "name": "Ajax Dish Liquid Lemon", "cnid": "1465", "productId": "27972", "size": "30 oz btl"},
{"thumb": "http://i4.peapod.com/c/KK/KKNHZ.gif", "price": "188", "unit_price": "$.06/ oz", "name": "Ajax Triple Action Dish Liquid Orange", "cnid": "1465", "productId": "80690", "size": "30 oz btl"},
{"thumb": "http://i4.peapod.com/c/KK/KKNHZ.gif", "price": "515", "unit_price": "$.32/ ea", "name": "Cascade Complete All in 1 Dishwasher Detergent ActionPacs Fresh", "cnid": "1465", "productId": "160593", "size": "16 ct pkg"},
{"thumb": "http://i4.peapod.com/c/KK/KKNHZ.gif", "price": "1399", "unit_price": "$.29/ ea", "name": "Cascade Complete Dishwasher Detergent ActionPacs with Dawn Fresh Scent", "cnid": "1465", "productId": "162980", "size": "48 ct pkg"},
{"thumb": "http://i4.peapod.com/c/KK/KKNHZ.gif", "price": "499", "unit_price": "$.07/ oz", "name": "Cascade Complete Dishwasher Detergent Gel Dawn Lemon Burst", "cnid": "1465", "productId": "160594", "size": "75 oz btl"},
{"thumb": "http://i4.peapod.com/c/KK/KKNHZ.gif", "price": "499", "unit_price": "$.07/ oz", "name": "Cascade Complete Dishwasher Detergent Powder with Dawn Fresh Scent", "cnid": "1465", "productId": "116243", "size": "75 oz box"},
{"thumb": "http://i4.peapod.com/c/KK/KKNHZ.gif", "price": "515", "unit_price": "$.26/ ea", "name": "Cascade Dishwasher Detergent ActionPacs Shine Shield with Dawn Fresh Scent", "cnid": "1465", "productId": "146238", "size": "20 ct pkg"},
{"thumb": "http://i4.peapod.com/c/KK/KKNHZ.gif", "price": "329", "unit_price": "$.39/ oz", "name": "Cascade Liquid Rinse Aid Superior Spot Protection Regular Scent", "cnid": "1465", "productId": "129653", "size": "8.45 oz btl"},
{"thumb": "http://i4.peapod.com/c/KK/KKNHZ.gif", "price": "1399", "unit_price": "$.23/ ea", "name": "Cascade Shine Shield Dishwasher Detergent ActionPacs with Dawn Fresh Scent", "cnid": "1465", "productId": "148303", "size": "60 ct pkg"},
{"thumb": "http://i4.peapod.com/c/KK/KKNHZ.gif", "price": "395", "unit_price": "$.09/ oz", "name": "Cascade Shine Shield Dishwasher Detergent Gel with Dawn Lemon Scent", "cnid": "1465", "productId": "28232", "size": "45 oz btl"},
{"thumb": "http://i4.peapod.com/c/KK/KKNHZ.gif", "price": "629", "unit_price": "$.08/ oz", "name": "Cascade Shine Shield Dishwasher Detergent Gel with Dawn Lemon Scent", "cnid": "1465", "productId": "12902", "size": "75 oz btl"},
{"thumb": "http://i4.peapod.com/c/KK/KKNHZ.gif", "price": "629", "unit_price": "$.08/ oz", "name": "Cascade Shine Shield Dishwasher Detergent Powder Dawn Fresh Scent", "cnid": "1465", "productId": "115375", "size": "75 oz box"},
{"thumb": "http://i4.peapod.com/c/KK/KKNHZ.gif", "price": "415", "unit_price": "$.41/ oz", "name": "Dawn Direct Foam Dishwashing Foam Fresh Rapids Pump", "cnid": "1465", "productId": "138823", "size": "10.1 oz btl"},
{"thumb": "http://i4.peapod.com/c/KK/KKNHZ.gif", "price": "529", "unit_price": "$.14/ oz", "name": "Dawn Ultra Concentrated Dishwashing Liquid Original Scent", "cnid": "1465", "productId": "124188", "size": "38 oz btl"},
{"thumb": "http://i4.peapod.com/c/KK/KKNHZ.gif", "price": "349", "unit_price": "$.14/ oz", "name": "Dawn Ultra Dishwashing Liquid Original Scent", "cnid": "1465", "productId": "160460", "size": "24 oz btl"},
{"thumb": "http://i4.peapod.com/c/KK/KKNHZ.gif", "price": "485", "unit_price": "$.06/ oz", "name": "FINISH Advanced Dishwasher Detergent Gel Lemon Fresh Scent", "cnid": "1465", "productId": "124354", "size": "75 oz btl"},
{"thumb": "http://i4.peapod.com/c/KK/KKNHZ.gif", "price": "485", "unit_price": "$.24/ ea", "name": "FINISH All in 1 Dishwasher Detergent Gelpacs + Jet-Dry Fresh Scent", "cnid": "1465", "productId": "162561", "size": "20 ct pkg"},
{"thumb": "http://i4.peapod.com/c/KK/KKNHZ.gif", "price": "485", "unit_price": "$.24/ ea", "name": "FINISH All in 1 Dishwasher Detergent Gelpacs + Jet-Dry Orange", "cnid": "1465", "productId": "130160", "size": "20 ct pkg"},
{"thumb": "http://i4.peapod.com/c/KK/KKNHZ.gif", "price": "1099", "unit_price": "$.18/ ea", "name": "FINISH All in 1 Dishwasher Detergent Powerball Tabs Fresh", "cnid": "1465", "productId": "141541", "size": "60 ct pkg"},
{"thumb": "http://i4.peapod.com/c/KK/KKNHZ.gif", "price": "485", "unit_price": "$.24/ ea", "name": "FINISH All In 1 Dishwasher Detergent Powerball Tabs Fresh Scent", "cnid": "1465", "productId": "141020", "size": "20 ct pkg"},
{"thumb": "http://i4.peapod.com/c/KK/KKNHZ.gif", "price": "1769", "unit_price": "$.21/ ea", "name": "FINISH All In 1 Dishwasher Detergent Powerball Tabs Fresh Scent", "cnid": "1465", "productId": "186705", "size": "85 ct box"},
{"thumb": "http://i4.peapod.com/c/KK/KKNHZ.gif", "price": "485", "unit_price": "$.24/ ea", "name": "FINISH All in 1 Dishwasher Detergent Powerball Tabs Orange Scent", "cnid": "1465", "productId": "124355", "size": "20 ct pkg"},
{"thumb": "http://i4.peapod.com/c/KK/KKNHZ.gif", "price": "685", "unit_price": "$.21/ ea", "name": "FINISH All in 1 Dishwasher Detergent Powerball Tabs Orange Scent", "cnid": "1465", "productId": "169574", "size": "32 ct pkg"},
{"thumb": "http://i4.peapod.com/c/KK/KKNHZ.gif", "price": "399", "unit_price": "$.59/ oz", "name": "FINISH Jet-Dry Drying Agent Turbo Dry 65 Washloads", "cnid": "1465", "productId": "145782", "size": "6.76 oz btl"},
{"thumb": "http://i4.peapod.com/c/KK/KKNHZ.gif", "price": "399", "unit_price": "$.47/ oz", "name": "FINISH Jet-Dry Liquid Rinse Agent", "cnid": "1465", "productId": "122778", "size": "8.45 oz btl"},
{"thumb": "http://i4.peapod.com/c/KK/KKNHZ.gif", "price": "685", "unit_price": "$.27/ ea", "name": "FINISH Quantum Dishwasher Detergent Powerball Capsules", "cnid": "1465", "productId": "164941", "size": "25 ct pkg"},
{"thumb": "http://i4.peapod.com/c/KK/KKNHZ.gif", "price": "455", "unit_price": "$.46/ ea", "name": "FINISH Quantum Dishwasher Detergent Powerball Tabs", "cnid": "1465", "productId": "161988", "size": "10 ct pkg"},
{"thumb": "http://i4.peapod.com/c/KK/KKNHZ.gif", "price": "265", "unit_price": "$.09/ oz", "name": "Gain Ultra Dishwashing Liquid Lavender Scent", "cnid": "1465", "productId": "176084", "size": "30 oz btl"},
{"thumb": "http://i4.peapod.com/c/KK/KKNHZ.gif", "price": "325", "unit_price": "$.14/ oz", "name": "Ivory Ultra Dish Liquid Soap Classic Scent", "cnid": "1465", "productId": "145182", "size": "24 oz btl"},
{"thumb": "http://i4.peapod.com/c/KK/KKNHZ.gif", "price": "439", "unit_price": "$.52/ oz", "name": "Lysol No-Touch Kitchen System Refill Sunkissed Lemon", "cnid": "1465", "productId": "185990", "size": "8.5 oz btl"},
{"thumb": "http://i4.peapod.com/c/KK/KKNHZ.gif", "price": "1199", "unit_price": "$1.41/ oz", "name": "Lysol No-Touch Kitchen System Starter Sparkling Tangerine Scent", "cnid": "1465", "productId": "185960", "size": "1 kit"},
{"thumb": "http://i4.peapod.com/c/KK/KKNHZ.gif", "price": "615", "unit_price": "$.31/ oz", "name": "Method Smarty Dish Dishwasher Detergent Tabs Non-Toxic Pink Grapefruit", "cnid": "1465", "productId": "182963", "size": "20 ct pkg"},
{"thumb": "http://i4.peapod.com/c/KK/KKNHZ.gif", "price": "349", "unit_price": "$.14/ oz", "name": "Palmolive Ultra Dish Liquid Antibacterial Orange", "cnid": "1465", "productId": "49526", "size": "25 oz btl"},
{"thumb": "http://i4.peapod.com/c/KK/KKNHZ.gif", "price": "125", "unit_price": "$.12/ oz", "name": "Palmolive Ultra Dish Liquid Antibacterial Orange", "cnid": "1465", "productId": "49527", "size": "10 oz btl"},
{"thumb": "http://i4.peapod.com/c/KK/KKNHZ.gif", "price": "125", "unit_price": "$.12/ oz", "name": "Palmolive Ultra Dish Liquid Original", "cnid": "1465", "productId": "50026", "size": "10 oz btl"},
{"thumb": "http://i4.peapod.com/c/KK/KKNHZ.gif", "price": "349", "unit_price": "$.14/ oz", "name": "Palmolive Ultra Dish Liquid Original", "cnid": "1465", "productId": "50027", "size": "25 oz btl"},
{"thumb": "http://i4.peapod.com/c/KK/KKNHZ.gif", "price": "515", "unit_price": "$.12/ oz", "name": "Seventh Generation Dishwasher Detergent Gel Lemon", "cnid": "1465", "productId": "174729", "size": "42 oz btl"},
{"thumb": "http://i4.peapod.com/c/KK/KKNHZ.gif", "price": "215", "unit_price": "$.09/ oz", "name": "Stop & Shop Dishwashing Liquid Lemon", "cnid": "1465", "productId": "162442", "size": "25 oz btl"},
{"thumb": "http://i4.peapod.com/c/KK/KKNHZ.gif", "price": "395", "unit_price": "$.18/ oz", "name": "Sun & Earth Xtra Concentrated Dish Liquid Citrus Hypo-Allergenic Natural", "cnid": "1465", "productId": "132088", "size": "22 oz btl"},
{"thumb": "http://i4.peapod.com/c/KK/KKNHZ.gif", "price": "599", "unit_price": "$5.99/ ea", "name": "Bounce Lint Roller Febreze Spring & Renewal 45 Sheets", "cnid": "1459", "productId": "162767", "size": "1 ct pkg"},
{"thumb": "http://i4.peapod.com/c/KK/KKNHZ.gif", "price": "399", "unit_price": "$3.99/ ea", "name": "Bounce Lint Roller Febreze Spring & Renewal Refill 45 Sheets", "cnid": "1459", "productId": "162768", "size": "1 ct pkg"},
{"thumb": "http://i4.peapod.com/c/KK/KKNHZ.gif", "price": "209", "unit_price": "$.21/ ea", "name": "Brillo Steel Wool Soap Pads", "cnid": "1459", "productId": "2227", "size": "10 ct box"},
{"thumb": "http://i4.peapod.com/c/KK/KKNHZ.gif", "price": "1329", "unit_price": "$13.29/ ea", "name": "Clorox ToiletWand Toilet Cleaning System Starter Kit", "cnid": "1459", "productId": "153050", "size": "1 ct pkg"},
{"thumb": "http://i4.peapod.com/c/KK/KKNHZ.gif", "price": "199", "unit_price": "$1.99/ ea", "name": "Companion Essentials Pet Hair Roller 60 Layers", "cnid": "1459", "productId": "161428", "size": "1 ct pkg"},
{"thumb": "http://i4.peapod.com/c/KK/KKNHZ.gif", "price": "149", "unit_price": "$1.49/ ea", "name": "Companion Essentials Pet Hair Roller 60 Layers Refill", "cnid": "1459", "productId": "161429", "size": "1 ct pkg"},
{"thumb": "http://i4.peapod.com/c/KK/KKNHZ.gif", "price": "399", "unit_price": "$3.99/ ea", "name": "EverCare Lint Roller Refill 60 Sheets", "cnid": "1459", "productId": "8311", "size": "1 ct pkg"},
{"thumb": "http://i4.peapod.com/c/KK/KKNHZ.gif", "price": "351", "unit_price": "$3.51/ ea", "name": "Libman Bottle Brush", "cnid": "1459", "productId": "84347", "size": "1 ea"},
{"thumb": "http://i4.peapod.com/c/KK/KKNHZ.gif", "price": "921", "unit_price": "$9.21/ ea", "name": "Libman Bowl Brush Designer with Caddy", "cnid": "1459", "productId": "157347", "size": "1 ct pkg"},
{"thumb": "http://i4.peapod.com/c/KK/KKNHZ.gif", "price": "821", "unit_price": "$8.21/ ea", "name": "Libman Bowl Brush with Caddy", "cnid": "1459", "productId": "157346", "size": "1 ct pkg"},
{"thumb": "http://i4.peapod.com/c/KK/KKNHZ.gif", "price": "341", "unit_price": "$3.41/ ea", "name": "Libman Dish Scrub & Soap Dispenser", "cnid": "1459", "productId": "118366", "size": "1 ea"},
{"thumb": "http://i4.peapod.com/c/KK/KKNHZ.gif", "price": "271", "unit_price": "$1.36/ ea", "name": "Libman Dish Scrub Refills Rectangle Heads", "cnid": "1459", "productId": "127265", "size": "2 ct pkg"},
{"thumb": "http://i4.peapod.com/c/KK/KKNHZ.gif", "price": "271", "unit_price": "$1.36/ ea", "name": "Libman Dish Sponge Refill", "cnid": "1459", "productId": "157348", "size": "2 ct pkg"},
{"thumb": "http://i4.peapod.com/c/KK/KKNHZ.gif", "price": "759", "unit_price": "$7.59/ ea", "name": "Libman Snap On Dustpan with Whisk Broom", "cnid": "1459", "productId": "117417", "size": "1 ct"},
{"thumb": "http://i4.peapod.com/c/KK/KKNHZ.gif", "price": "511", "unit_price": "$2.56/ ea", "name": "Libman Soap Dispensing Scrubber Refill", "cnid": "1459", "productId": "138313", "size": "2 ct pkg"},
{"thumb": "http://i4.peapod.com/c/KK/KKNHZ.gif", "price": "501", "unit_price": "$5.01/ ea", "name": "Libman Soap Dispensing Scrubber Round Head", "cnid": "1459", "productId": "138312", "size": "1 ct pkg"},
{"thumb": "http://i4.peapod.com/c/KK/KKNHZ.gif", "price": "269", "unit_price": "$1.35/ ea", "name": "Mr. Clean Magic Eraser Extra Power", "cnid": "1459", "productId": "140610", "size": "2 ct pkg"},
{"thumb": "http://i4.peapod.com/c/KK/KKNHZ.gif", "price": "459", "unit_price": "$1.15/ ea", "name": "Mr. Clean Magic Eraser Original", "cnid": "1459", "productId": "134984", "size": "4 ct pkg"},
{"thumb": "http://i4.peapod.com/c/KK/KKNHZ.gif", "price": "269", "unit_price": "$1.35/ ea", "name": "Mr. Clean Magic Eraser Original", "cnid": "1459", "productId": "135428", "size": "2 ct pkg"},
{"thumb": "http://i4.peapod.com/c/KK/KKNHZ.gif", "price": "379", "unit_price": "$.63/ ea", "name": "Mr. Clean Magic Eraser Select-A-Size", "cnid": "1459", "productId": "191915", "size": "6 ct pkg"},
{"thumb": "http://i4.peapod.com/c/KK/KKNHZ.gif", "price": "289", "unit_price": "$1.45/ ea", "name": "O-Cel-O Light Duty Sponge Scrubber", "cnid": "1459", "productId": "108713", "size": "2 ct pkg"},
{"thumb": "http://i4.peapod.com/c/KK/KKNHZ.gif", "price": "219", "unit_price": "$2.19/ ea", "name": "O-Cel-O Scrub & Wipe Cleaning Pad Non-Scratch", "cnid": "1459", "productId": "161951", "size": "1 ct pkg"},
{"thumb": "http://i4.peapod.com/c/KK/KKNHZ.gif", "price": "399", "unit_price": "$1.00/ ea", "name": "O-Cel-O Sponges & Scrub Sponges Combo Pack", "cnid": "1459", "productId": "123279", "size": "4 ct pkg"},
{"thumb": "http://i4.peapod.com/c/KK/KKNHZ.gif", "price": "329", "unit_price": "$1.64/ ea", "name": "Playtex HandSaver Gloves Medium - 1 pair", "cnid": "1459", "productId": "11216", "size": "2 gloves"},
{"thumb": "http://i4.peapod.com/c/KK/KKNHZ.gif", "price": "329", "unit_price": "$1.64/ ea", "name": "Playtex HandSaver Latex Gloves Large - 1 pair", "cnid": "1459", "productId": "11217", "size": "2 gloves"},
{"thumb": "http://i4.peapod.com/c/KK/KKNHZ.gif", "price": "329", "unit_price": "$1.64/ ea", "name": "Playtex HandSaver Latex Gloves Small - 1 pair", "cnid": "1459", "productId": "11219", "size": "2 gloves"},
{"thumb": "http://i4.peapod.com/c/KK/KKNHZ.gif", "price": "449", "unit_price": "$2.24/ ea", "name": "Playtex Living Gloves Drip-Catch Cuff Small - 1 pair", "cnid": "1459", "productId": "80343", "size": "2 gloves"},
{"thumb": "http://i4.peapod.com/c/KK/KKNHZ.gif", "price": "349", "unit_price": "$3.49/ ea", "name": "Pure Power Lint Roller 60 Sheets", "cnid": "1459", "productId": "162766", "size": "1 ct pkg"},
{"thumb": "http://i4.peapod.com/c/KK/KKNHZ.gif", "price": "329", "unit_price": "$3.29/ ea", "name": "Pure Power Lint Roller Refill 60 Sheets", "cnid": "1459", "productId": "162765", "size": "1 ct pkg"},
{"thumb": "http://i4.peapod.com/c/KK/KKNHZ.gif", "price": "359", "unit_price": "$1.20/ ea", "name": "S.O.S. Scrubber Sponge All-Surface", "cnid": "1459", "productId": "103494", "size": "3 ct pkg"},
{"thumb": "http://i4.peapod.com/c/KK/KKNHZ.gif", "price": "325", "unit_price": "$.22/ ea", "name": "S.O.S. Soap Pads Clean 'n Toss Steel Wool Small", "cnid": "1459", "productId": "41417", "size": "15 ct box"},
{"thumb": "http://i4.peapod.com/c/KK/KKNHZ.gif", "price": "299", "unit_price": "$.30/ ea", "name": "S.O.S. Soap Pads Steel Wool Lemon Scented", "cnid": "1459", "productId": "1207", "size": "10 ct box"},
{"thumb": "http://i4.peapod.com/c/KK/KKNHZ.gif", "price": "335", "unit_price": "$1.12/ ea", "name": "Scotch-Brite Dobie Cleaning Pads", "cnid": "1459", "productId": "153093", "size": "3 ct pkg"},
{"thumb": "http://i4.peapod.com/c/KK/KKNHZ.gif", "price": "335", "unit_price": "$1.12/ ea", "name": "Scotch-Brite Scrub Sponge Heavy Duty", "cnid": "1459", "productId": "120606", "size": "3 ct pkg"},
{"thumb": "http://i4.peapod.com/c/KK/KKNHZ.gif", "price": "335", "unit_price": "$1.12/ ea", "name": "Scotch-Brite Scrub Sponges Delicate Care", "cnid": "1459", "productId": "161950", "size": "3 ct pkg"},
{"thumb": "http://i4.peapod.com/c/KK/KKNHZ.gif", "price": "335", "unit_price": "$1.12/ ea", "name": "Scotch-Brite Scrub Sponges Non Scratch", "cnid": "1459", "productId": "123329", "size": "3 ct pkg"},
{"thumb": "http://i4.peapod.com/c/KK/KKNHZ.gif", "price": "375", "unit_price": "$3.75/ ea", "name": "Scotch Lint Roller Refill 56 Sheets", "cnid": "1459", "productId": "162764", "size": "1 ct pkg"},
{"thumb": "http://i4.peapod.com/c/KK/KKNHZ.gif", "price": "429", "unit_price": "$4.29/ ea", "name": "Scotch Lint Roller with 56 Sheets", "cnid": "1459", "productId": "162763", "size": "1 ct pkg"},
{"thumb": "http://i4.peapod.com/c/KK/KKNHZ.gif", "price": "109", "unit_price": "$.27/ ea", "name": "Stop & Shop Handy Sponges", "cnid": "1459", "productId": "106486", "size": "4 ct pkg"},
{"thumb": "http://i4.peapod.com/c/KK/KKNHZ.gif", "price": "259", "unit_price": "$1.29/ ea", "name": "Stop & Shop Pure Power Latex Gloves Large - 1 pair", "cnid": "1459", "productId": "56553", "size": "2 gloves"},
{"thumb": "http://i4.peapod.com/c/KK/KKNHZ.gif", "price": "259", "unit_price": "$1.29/ ea", "name": "Stop & Shop Pure Power Latex Gloves Medium - 1 pair", "cnid": "1459", "productId": "56554", "size": "2 gloves"},
{"thumb": "http://i4.peapod.com/c/KK/KKNHZ.gif", "price": "1129", "unit_price": "$11.29/ ea", "name": "Swiffer 360 Dusters Extender Kit (1 Handle & 3 Dusters Unscented)", "cnid": "1459", "productId": "137368", "size": "1 kit"},
{"thumb": "http://i4.peapod.com/c/KK/KKNHZ.gif", "price": "1199", "unit_price": "$11.99/ ea", "name": "Swiffer Sweeper Starter Kit (1 Sweeper, 2 Dry Refills & 1 Wet Refill)", "cnid": "1459", "productId": "112336", "size": "1 kit"},
{"thumb": "http://i4.peapod.com/c/KK/KKNHZ.gif", "price": "2199", "unit_price": "$21.99/ ea", "name": "Swiffer WetJet Mopping Starter Kit (1 Mop, 2 Pads, 1 Solution)", "cnid": "1459", "productId": "128512", "size": "1 kit"},
{"thumb": "http://i4.peapod.com/c/KK/KKNHZ.gif", "price": "149", "unit_price": "$.19/ oz", "name": "Air Wick Air Freshener Apple & Shimmering Spice Aerosol Spray", "cnid": "1449", "productId": "185995", "size": "8 oz can"},
{"thumb": "http://i4.peapod.com/c/KK/KKNHZ.gif", "price": "149", "unit_price": "$.19/ oz", "name": "Air Wick Air Freshener Fresh Water Aerosol Spray", "cnid": "1449", "productId": "142456", "size": "8 oz can"},
{"thumb": "http://i4.peapod.com/c/KK/KKNHZ.gif", "price": "149", "unit_price": "$.19/ oz", "name": "Air Wick Air Freshener Lavender & Chamomile Aerosol Spray", "cnid": "1449", "productId": "162536", "size": "8 oz can"},
{"thumb": "http://i4.peapod.com/c/KK/KKNHZ.gif", "price": "149", "unit_price": "$.19/ oz", "name": "Air Wick Air Freshener Magnolia & Cherry Blossom Aerosol Spray", "cnid": "1449", "productId": "174880", "size": "8 oz can"},
{"thumb": "http://i4.peapod.com/c/KK/KKNHZ.gif", "price": "149", "unit_price": "$.19/ oz", "name": "Air Wick Air Freshener Rain Garden Aerosol Spray", "cnid": "1449", "productId": "162537", "size": "8 oz can"},
{"thumb": "http://i4.peapod.com/c/KK/KKNHZ.gif", "price": "99", "unit_price": "$.99/ ea", "name": "Air Wick Air Freshener Scented Oil Warmer Unit", "cnid": "1449", "productId": "146235", "size": "1 ct pkg"},
{"thumb": "http://i4.peapod.com/c/KK/KKNHZ.gif", "price": "149", "unit_price": "$.19/ oz", "name": "Air Wick Air Freshener Vanilla Indulgence Aerosol Spray", "cnid": "1449", "productId": "51465", "size": "8 oz can"},
{"thumb": "http://i4.peapod.com/c/KK/KKNHZ.gif", "price": "299", "unit_price": "$11.96/ ea", "name": "Air Wick Flip & Fresh Air Freshener Lavender & Chamomile", "cnid": "1449", "productId": "185993", "size": ".25 oz pkg"},
{"thumb": "http://i4.peapod.com/c/KK/KKNHZ.gif", "price": "585", "unit_price": "$.95/ oz", "name": "Air Wick Freshmatic Ultra Automatic Spray Fresh Waters Refill", "cnid": "1449", "productId": "162535", "size": "6.17 oz can"},
{"thumb": "http://i4.peapod.com/c/KK/KKNHZ.gif", "price": "585", "unit_price": "$.95/ oz", "name": "Air Wick Freshmatic Ultra Automatic Spray Lavender & Chamomile Refill", "cnid": "1449", "productId": "162542", "size": "6.17 oz can"},
{"thumb": "http://i4.peapod.com/c/KK/KKNHZ.gif", "price": "289", "unit_price": "$.96/ oz", "name": "Air Wick Scented Candle Apple & Shimmering Spice", "cnid": "1449", "productId": "174878", "size": "3 oz pkg"},
{"thumb": "http://i4.peapod.com/c/KK/KKNHZ.gif", "price": "289", "unit_price": "$.96/ oz", "name": "Air Wick Scented Candle Lavender & Chamomile", "cnid": "1449", "productId": "174879", "size": "3 oz pkg"},
{"thumb": "http://i4.peapod.com/c/KK/KKNHZ.gif", "price": "289", "unit_price": "$.96/ oz", "name": "Air Wick Scented Candle Vanilla Sugar Sparkle", "cnid": "1449", "productId": "174877", "size": "3 oz pkg"},
{"thumb": "http://i4.peapod.com/c/KK/KKNHZ.gif", "price": "499", "unit_price": "$2.49/ ea", "name": "Air Wick Scented Oil Air Freshener Apple Cinnamon Medley Refill", "cnid": "1449", "productId": "162546", "size": "2 ct pkg"},
{"thumb": "http://i4.peapod.com/c/KK/KKNHZ.gif", "price": "499", "unit_price": "$2.49/ ea", "name": "Air Wick Scented Oil Air Freshener Cool Linen & White Lilac Refill", "cnid": "1449", "productId": "162547", "size": "2 ct pkg"},
{"thumb": "http://i4.peapod.com/c/KK/KKNHZ.gif", "price": "499", "unit_price": "$2.49/ ea", "name": "Air Wick Scented Oil Air Freshener Lavender & Chamomile Refill", "cnid": "1449", "productId": "146234", "size": "2 ct pkg"},
{"thumb": "http://i4.peapod.com/c/KK/KKNHZ.gif", "price": "300", "unit_price": "$3.00/ ea", "name": "Air Wick Scented Oil Air Freshener Lavender Chamomile Refill", "cnid": "1449", "productId": "125398", "size": "1 ct pkg"},
{"thumb": "http://i4.peapod.com/c/KK/KKNHZ.gif", "price": "499", "unit_price": "$2.49/ ea", "name": "Air Wick Scented Oil Air Freshener Vanilla Snow & Soft Cashmere Refill", "cnid": "1449", "productId": "162552", "size": "2 ct pkg"},
{"thumb": "http://i4.peapod.com/c/KK/KKNHZ.gif", "price": "300", "unit_price": "$.31/ oz", "name": "Febreze Air Effects Air Freshener Linen & Sky Aerosol Spray", "cnid": "1449", "productId": "146236", "size": "9.7 oz btl"},
{"thumb": "http://i4.peapod.com/c/KK/KKNHZ.gif", "price": "300", "unit_price": "$.31/ oz", "name": "Febreze Air Effects Air Freshener Meadows & Rain Aerosol Spray", "cnid": "1449", "productId": "146237", "size": "9.7 oz btl"},
{"thumb": "http://i4.peapod.com/c/KK/KKNHZ.gif", "price": "300", "unit_price": "$.31/ oz", "name": "Febreze Air Effects Air Freshener Spring & Renewal Aerosol Spray", "cnid": "1449", "productId": "135747", "size": "9.7 oz can"},
{"thumb": "http://i4.peapod.com/c/KK/KKNHZ.gif", "price": "949", "unit_price": "$4.74/ ea", "name": "Febreze NOTICEables Scented Oil Morning Walk & Cleansing Rain 2 Refills", "cnid": "1449", "productId": "176090", "size": "2 ct pkg"},
{"thumb": "http://i4.peapod.com/c/KK/KKNHZ.gif", "price": "499", "unit_price": "$2.49/ ea", "name": "Febreze Set & Refresh Air Freshener Linen & Sky Refill", "cnid": "1449", "productId": "179058", "size": "2 ct pkg"},
{"thumb": "http://i4.peapod.com/c/KK/KKNHZ.gif", "price": "135", "unit_price": "$.17/ oz", "name": "Glade Air Freshener Clean Linen Aerosol Spray", "cnid": "1449", "productId": "134354", "size": "8 oz can"},
{"thumb": "http://i4.peapod.com/c/KK/KKNHZ.gif", "price": "329", "unit_price": "$.82/ oz", "name": "Glade Candle Hawaiian Breeze", "cnid": "1449", "productId": "162977", "size": "4 oz jar"},
{"thumb": "http://i4.peapod.com/c/KK/KKNHZ.gif", "price": "289", "unit_price": "$1.45/ oz", "name": "Glade Decor Scents Refills Clean Linen", "cnid": "1449", "productId": "183342", "size": "2 ct pkg"},
{"thumb": "http://i4.peapod.com/c/KK/KKNHZ.gif", "price": "569", "unit_price": "$2.85/ ea", "name": "Glade PlugIns Scented Oil Apple Cinnamon Refill", "cnid": "1449", "productId": "153078", "size": "2 ct pkg"},
{"thumb": "http://i4.peapod.com/c/KK/KKNHZ.gif", "price": "569", "unit_price": "$2.85/ ea", "name": "Glade PlugIns Scented Oil Clean Linen Refill", "cnid": "1449", "productId": "140664", "size": "2 ct pkg"},
{"thumb": "http://i4.peapod.com/c/KK/KKNHZ.gif", "price": "569", "unit_price": "$2.85/ ea", "name": "Glade PlugIns Scented Oil Vanilla Breeze Refill", "cnid": "1449", "productId": "140665", "size": "2 ct pkg"},
{"thumb": "http://i4.peapod.com/c/KK/KKNHZ.gif", "price": "269", "unit_price": "$.90/ ea", "name": "Little Trees Hanging Paper Car Air Fresheners Royal Pine Mini", "cnid": "1449", "productId": "118368", "size": "3 ct pkg"},
{"thumb": "http://i4.peapod.com/c/KK/KKNHZ.gif", "price": "269", "unit_price": "$.90/ ea", "name": "Little Trees Hanging Paper Car Air Fresheners Vanillaroma Mini", "cnid": "1449", "productId": "127034", "size": "3 ct pkg"},
{"thumb": "http://i4.peapod.com/c/KK/KKNHZ.gif", "price": "525", "unit_price": "$.42/ oz", "name": "Lysol Disinfectant Citrus Meadows Aerosol Spray", "cnid": "1449", "productId": "162565", "size": "12.5 oz can"},
{"thumb": "http://i4.peapod.com/c/KK/KKNHZ.gif", "price": "100", "unit_price": "$.13/ oz", "name": "Renuzit Aroma Adjustable Air Freshener Apple & Cinnamon", "cnid": "1449", "productId": "167456", "size": "7.5 oz pkg"},
{"thumb": "http://i4.peapod.com/c/KK/KKNHZ.gif", "price": "100", "unit_price": "$.13/ oz", "name": "Renuzit LongLast Adjustable Air Freshener After the Rain Solid", "cnid": "1449", "productId": "100745", "size": "7.5 oz pkg"},
{"thumb": "http://i4.peapod.com/c/KK/KKNHZ.gif", "price": "100", "unit_price": "$.13/ oz", "name": "Renuzit LongLast Adjustable Air Freshener Super Odor Killer Solid", "cnid": "1449", "productId": "1563", "size": "7.5 oz pkg"},
{"thumb": "http://i4.peapod.com/c/KK/KKNHZ.gif", "price": "100", "unit_price": "$.13/ oz", "name": "Renuzit Renew Adjustables Air Freshener Odor Neutralizer Citrus Sunburst", "cnid": "1449", "productId": "108732", "size": "7.5 oz pkg"},
{"thumb": "http://i4.peapod.com/c/KK/KKNHZ.gif", "price": "449", "unit_price": "$.43/ oz", "name": "DampRid Moisture Absorber Easy-Fill System", "cnid": "1832", "productId": "157350", "size": "10.5 oz pkg"},
{"thumb": "http://i4.peapod.com/c/KK/KKNHZ.gif", "price": "599", "unit_price": "$.43/ oz", "name": "DampRid Moisture Absorber Hanging Fresh Fragrance", "cnid": "1832", "productId": "157349", "size": "14 oz pkg"},
{"thumb": "http://i4.peapod.com/c/KK/KKNHZ.gif", "price": "449", "unit_price": "$1.87/ oz", "name": "Kiwi Scuff Cover Instant Wax Shine Black", "cnid": "1832", "productId": "162331", "size": "2.4 oz btl"},
{"thumb": "http://i4.peapod.com/c/KK/KKNHZ.gif", "price": "449", "unit_price": "$1.87/ oz", "name": "Kiwi Scuff Cover Instant Wax Shine Brown", "cnid": "1832", "productId": "162332", "size": "2.4 oz btl"},
{"thumb": "http://i4.peapod.com/c/KK/KKNHZ.gif", "price": "449", "unit_price": "$3.59/ oz", "name": "Kiwi Shoe Paste Polish Black", "cnid": "1832", "productId": "3047", "size": "1.2 oz tin"},
{"thumb": "http://i4.peapod.com/c/KK/KKNHZ.gif", "price": "449", "unit_price": "$3.59/ oz", "name": "Kiwi Shoe Paste Polish Brown", "cnid": "1832", "productId": "3049", "size": "1.2 oz tin"},
{"thumb": "http://i4.peapod.com/c/KK/KKNHZ.gif", "price": "699", "unit_price": "$.10/ ea", "name": "Rokeach Shabbat Candles", "cnid": "1832", "productId": "40457", "size": "72 ct box"},
{"thumb": "http://i4.peapod.com/c/KK/KKNHZ.gif", "price": "1399", "unit_price": "$13.99/ ea", "name": "Whitmor Supreme Iron Board Cover & Pad (13-15 Inch W - 52-54 Inch L)", "cnid": "1832", "productId": "157351", "size": "1 ct pkg"},
{"thumb": "http://i4.peapod.com/c/KK/KKNHZ.gif", "price": "50", "unit_price": "$.17/ oz", "name": "Yehuda Yahrzeit Memorial Candle", "cnid": "1832", "productId": "149559", "size": "3 oz jar"},
{"thumb": "http://i4.peapod.com/c/KK/KKNHZ.gif", "price": "299", "unit_price": "$2.99/ ea", "name": "Bicycle Playing Cards Standard", "cnid": "2030", "productId": "9005", "size": "1 deck"},
{"thumb": "http://i4.peapod.com/c/KK/KKNHZ.gif", "price": "499", "unit_price": "$1.66/ ea", "name": "Penn Tennis Balls Yellow Extra-Duty Felt", "cnid": "2030", "productId": "159020", "size": "3 ct pkg"},
{"thumb": "http://i4.peapod.com/c/KK/KKNHZ.gif", "price": "489", "unit_price": "$.98/ ea", "name": "BIC Lighters Classic Disposable", "cnid": "1975", "productId": "148062", "size": "5 ct pkg"},
{"thumb": "http://i4.peapod.com/c/KK/KKNHZ.gif", "price": "499", "unit_price": "$4.99/ ea", "name": "BIC Sure Start Utility Lighter", "cnid": "1975", "productId": "155090", "size": "1 ct pkg"},
{"thumb": "http://i4.peapod.com/c/KK/KKNHZ.gif", "price": "159", "unit_price": "$.18/ oz", "name": "Brach's Jelly Bird Eggs Classic", "cnid": "1975", "productId": "13192", "size": "9 oz bag"},
{"thumb": "http://i4.peapod.com/c/KK/KKNHZ.gif", "price": "159", "unit_price": "$.18/ oz", "name": "Brach's Jelly Bird Eggs Spiced", "cnid": "1975", "productId": "157450", "size": "9 oz bag"},
{"thumb": "http://i4.peapod.com/c/KK/KKNHZ.gif", "price": "329", "unit_price": "$.69/ oz", "name": "Cadbury Caramel Eggs - 4 ct", "cnid": "1975", "productId": "49272", "size": "4.8 oz pkg"},
{"thumb": "http://i4.peapod.com/c/KK/KKNHZ.gif", "price": "329", "unit_price": "$.69/ oz", "name": "Cadbury Creme Eggs - 4 ct", "cnid": "1975", "productId": "18792", "size": "4.8 oz box"},
{"thumb": "http://i4.peapod.com/c/KK/KKNHZ.gif", "price": "369", "unit_price": "$.37/ oz", "name": "Cadbury Milk Chocolate Mini Eggs", "cnid": "1975", "productId": "40527", "size": "10 oz bag"},
{"thumb": "http://i4.peapod.com/c/KK/KKNHZ.gif", "price": "399", "unit_price": "$3.99/ ea", "name": "Grilling Planks Cedar 15 Inch", "cnid": "1975", "productId": "155387", "size": "1 ea"},
{"thumb": "http://i4.peapod.com/c/KK/KKNHZ.gif", "price": "369", "unit_price": "$.37/ oz", "name": "Hershey's Eggs Milk Chocolate Pastels", "cnid": "1975", "productId": "13180", "size": "10 oz bag"},
{"thumb": "http://i4.peapod.com/c/KK/KKNHZ.gif", "price": "369", "unit_price": "$.37/ oz", "name": "Hershey's Eggs Special Dark Chocolate Pastels", "cnid": "1975", "productId": "156463", "size": "10 oz bag"},
{"thumb": "http://i4.peapod.com/c/KK/KKNHZ.gif", "price": "369", "unit_price": "$.34/ oz", "name": "Hershey's Kisses Milk Chocolate Pastels", "cnid": "1975", "productId": "24522", "size": "11 oz bag"},
{"thumb": "http://i4.peapod.com/c/KK/KKNHZ.gif", "price": "369", "unit_price": "$.37/ oz", "name": "Hershey's Milk Chocolate Extra Creamy Eggs", "cnid": "1975", "productId": "188308", "size": "10 oz bag"},
{"thumb": "http://i4.peapod.com/c/KK/KKNHZ.gif", "price": "369", "unit_price": "$.34/ oz", "name": "Hershey's Miniatures (Milk & Dark Chocolate/Mr. Goodbar/Krackel) Pastels", "cnid": "1975", "productId": "24520", "size": "11 oz bag"},
{"thumb": "http://i4.peapod.com/c/KK/KKNHZ.gif", "price": "399", "unit_price": "$1.33/ lb", "name": "Kingsford Charcoal BBQ Bag - Single Use", "cnid": "1975", "productId": "144773", "size": "3 lb bag"},
{"thumb": "http://i4.peapod.com/c/KK/KKNHZ.gif", "price": "499", "unit_price": "$.16/ oz", "name": "Kingsford Lighter Fluid Odorless", "cnid": "1975", "productId": "27785", "size": "32 oz btl"},
{"thumb": "http://i4.peapod.com/c/KK/KKNHZ.gif", "price": "399", "unit_price": "$1.14/ oz", "name": "Lindt Gold Bunny Dark Chocolate", "cnid": "1975", "productId": "162196", "size": "3.5 oz pkg"},
{"thumb": "http://i4.peapod.com/c/KK/KKNHZ.gif", "price": "399", "unit_price": "$1.14/ oz", "name": "Lindt Gold Bunny Milk Chocolate", "cnid": "1975", "productId": "153877", "size": "3.5 oz pkg"},
{"thumb": "http://i4.peapod.com/c/KK/KKNHZ.gif", "price": "399", "unit_price": "$.32/ oz", "name": "M&M's Candies Milk Chocolate Bunny Mix Pastels", "cnid": "1975", "productId": "13179", "size": "12.6 oz bag"},
{"thumb": "http://i4.peapod.com/c/KK/KKNHZ.gif", "price": "399", "unit_price": "$.32/ oz", "name": "M&M's Candies Milk Chocolate Peanut Bunny Mix Pastels", "cnid": "1975", "productId": "13177", "size": "12.6 oz bag"},
{"thumb": "http://i4.peapod.com/c/KK/KKNHZ.gif", "price": "399", "unit_price": "$.40/ oz", "name": "M&M's Candies Milk Chocolate Pretzels Pastels", "cnid": "1975", "productId": "188515", "size": "9.9 oz bag"},
{"thumb": "http://i4.peapod.com/c/KK/KKNHZ.gif", "price": "399", "unit_price": "$.37/ oz", "name": "M&M's Candies Milk Chocolate Speck-Tacular EGGS!", "cnid": "1975", "productId": "133562", "size": "10.9 oz bag"},
{"thumb": "http://i4.peapod.com/c/KK/KKNHZ.gif", "price": "399", "unit_price": "$.40/ oz", "name": "M&M's Candies Speck-Tacular EGGS! Peanut Butter Speckled Eggs", "cnid": "1975", "productId": "186086", "size": "9.9 oz bag"},
{"thumb": "http://i4.peapod.com/c/KK/KKNHZ.gif", "price": "200", "unit_price": "$2.00/ ea", "name": "PAAS Easter Egg Color Cups - 5 Colors", "cnid": "1975", "productId": "153754", "size": "1 kit"},
{"thumb": "http://i4.peapod.com/c/KK/KKNHZ.gif", "price": "200", "unit_price": "$2.00/ ea", "name": "PAAS Easter Egg Decorating Kit Classic", "cnid": "1975", "productId": "13213", "size": "1 kit"},
{"thumb": "http://i4.peapod.com/c/KK/KKNHZ.gif", "price": "300", "unit_price": "$3.00/ ea", "name": "PAAS Easter Egg Decorating Kit Tie Dye", "cnid": "1975", "productId": "193125", "size": "1 kit"},
{"thumb": "http://i4.peapod.com/c/KK/KKNHZ.gif", "price": "499", "unit_price": "$4.99/ ea", "name": "PAAS Easter Egg Deggorating Party Kit", "cnid": "1975", "productId": "193124", "size": "1kit"},
{"thumb": "http://i4.peapod.com/c/KK/KKNHZ.gif", "price": "89", "unit_price": "$.59/ oz", "name": "PEEPS Marshmallow Chicks Pink - 5 ct", "cnid": "1975", "productId": "192722", "size": "1.5 oz pkg"},
{"thumb": "http://i4.peapod.com/c/KK/KKNHZ.gif", "price": "89", "unit_price": "$.59/ oz", "name": "PEEPS Marshmallow Chicks Purple - 5 ct", "cnid": "1975", "productId": "192723", "size": "1.5 oz pkg"},
{"thumb": "http://i4.peapod.com/c/KK/KKNHZ.gif", "price": "89", "unit_price": "$.59/ oz", "name": "PEEPS Marshmallow Chicks Yellow - 5 ct", "cnid": "1975", "productId": "158047", "size": "1.5 oz pkg"},
{"thumb": "http://i4.peapod.com/c/KK/KKNHZ.gif", "price": "369", "unit_price": "$.34/ oz", "name": "Reese's Peanut Butter Cups Miniatures Pastels", "cnid": "1975", "productId": "24521", "size": "11 oz bag"},
{"thumb": "http://i4.peapod.com/c/KK/KKNHZ.gif", "price": "399", "unit_price": "$.55/ oz", "name": "Reese's Peanut Butter Eggs - 6 ct", "cnid": "1975", "productId": "162099", "size": "7.2 oz pkg"},
{"thumb": "http://i4.peapod.com/c/KK/KKNHZ.gif", "price": "369", "unit_price": "$.34/ oz", "name": "Reese's Peanut Butter Eggs Snack Size", "cnid": "1975", "productId": "127162", "size": "10.8 oz bag"},
{"thumb": "http://i4.peapod.com/c/KK/KKNHZ.gif", "price": "219", "unit_price": "$.73/ oz", "name": "Russell Stover Bunny Solid Dark Chocolate", "cnid": "1975", "productId": "162078", "size": "3 oz pkg"},
{"thumb": "http://i4.peapod.com/c/KK/KKNHZ.gif", "price": "219", "unit_price": "$.73/ oz", "name": "Russell Stover Bunny Solid Milk Chocolate", "cnid": "1975", "productId": "162194", "size": "3 oz pkg"},
{"thumb": "http://i4.peapod.com/c/KK/KKNHZ.gif", "price": "219", "unit_price": "$.73/ oz", "name": "Russell Stover Bunny Solid White Pastelle (White Chocolate)", "cnid": "1975", "productId": "162101", "size": "3 oz box"},
{"thumb": "http://i4.peapod.com/c/KK/KKNHZ.gif", "price": "699", "unit_price": "$.52/ lb", "name": "Smart Living Charcoal Briquets", "cnid": "1975", "productId": "144774", "size": "13.5 lb bag"},
{"thumb": "http://i4.peapod.com/c/KK/KKNHZ.gif", "price": "799", "unit_price": "$.48/ lb", "name": "Smart Living Charcoal Briquets", "cnid": "1975", "productId": "58299", "size": "16.6 lb bag"},
{"thumb": "http://i4.peapod.com/c/KK/KKNHZ.gif", "price": "399", "unit_price": "$.12/ oz", "name": "Smart Living Charcoal Lighter Fluid", "cnid": "1975", "productId": "124646", "size": "32 oz btl"},
{"thumb": "http://i4.peapod.com/c/KK/KKNHZ.gif", "price": "100", "unit_price": "$.12/ ea", "name": "Smart Living Corn Holders Deluxe", "cnid": "1975", "productId": "154207", "size": "8 ct pkg"},
{"thumb": "http://i4.peapod.com/c/KK/KKNHZ.gif", "price": "100", "unit_price": "$.67/ oz", "name": "Smart Living Easter Grass Green", "cnid": "1975", "productId": "186436", "size": "1.5 oz bag"},
{"thumb": "http://i4.peapod.com/c/KK/KKNHZ.gif", "price": "100", "unit_price": "$.67/ oz", "name": "Smart Living Easter Grass Purple", "cnid": "1975", "productId": "193126", "size": "1.5 oz bag"},
{"thumb": "http://i4.peapod.com/c/KK/KKNHZ.gif", "price": "100", "unit_price": "$.67/ oz", "name": "Smart Living Easter Grass Yellow", "cnid": "1975", "productId": "186433", "size": "1.5 oz bag"},
{"thumb": "http://i4.peapod.com/c/KK/KKNHZ.gif", "price": "100", "unit_price": "$1.00/ ea", "name": "Smart Living Grill Brush with Scraper", "cnid": "1975", "productId": "159024", "size": "1 ea"},
{"thumb": "http://i4.peapod.com/c/KK/KKNHZ.gif", "price": "200", "unit_price": "$2.00/ ea", "name": "Smart Living Grill Brush with Scraper & Wood Handle", "cnid": "1975", "productId": "154206", "size": "1 ea"},
{"thumb": "http://i4.peapod.com/c/KK/KKNHZ.gif", "price": "100", "unit_price": "$.17/ ea", "name": "Smart Living Plastic Easter Eggs Bright Colors", "cnid": "1975", "productId": "193144", "size": "6 ct bag"},
{"thumb": "http://i4.peapod.com/c/KK/KKNHZ.gif", "price": "100", "unit_price": "$.08/ ea", "name": "Smart Living Plastic Easter Eggs Bright Colors", "cnid": "1975", "productId": "193123", "size": "12 ct bag"},
{"thumb": "http://i4.peapod.com/c/KK/KKNHZ.gif", "price": "100", "unit_price": "$.17/ ea", "name": "Smart Living Plastic Easter Eggs Pastel", "cnid": "1975", "productId": "186441", "size": "6 ct bag"},
{"thumb": "http://i4.peapod.com/c/KK/KKNHZ.gif", "price": "100", "unit_price": "$.01/ ea", "name": "Smart Living Skewers Bamboo 12 Inch", "cnid": "1975", "productId": "160304", "size": "75 ct pkg"},
{"thumb": "http://i4.peapod.com/c/KK/KKNHZ.gif", "price": "100", "unit_price": "$.01/ ea", "name": "Smart Living Skewers Bamboo 8 Inch", "cnid": "1975", "productId": "154208", "size": "100 ct pkg"},
{"thumb": "http://i4.peapod.com/c/KK/KKNHZ.gif", "price": "300", "unit_price": "$3.00/ ea", "name": "Smart Living Thermometer for Meat & Poultry Nonstick", "cnid": "1975", "productId": "160310", "size": "1 ea"},
{"thumb": "http://i4.peapod.com/c/KK/KKNHZ.gif", "price": "385", "unit_price": "$3.85/ ea", "name": "Smart Living Thermometer Instant Read", "cnid": "1975", "productId": "178818", "size": "1 ct ea"},
{"thumb": "http://i4.peapod.com/c/KK/KKNHZ.gif", "price": "219", "unit_price": "$.12/ oz", "name": "Stop & Shop Jelly Eggs", "cnid": "1975", "productId": "189886", "size": "18 oz pkg"},
{"thumb": "http://i4.peapod.com/c/KK/KKNHZ.gif", "price": "139", "unit_price": "$.15/ oz", "name": "Stop & Shop Jelly Eggs", "cnid": "1975", "productId": "186440", "size": "9 oz bag"},
{"thumb": "http://i4.peapod.com/c/KK/KKNHZ.gif", "price": "139", "unit_price": "$.15/ oz", "name": "Stop & Shop Jelly Eggs Speckled", "cnid": "1975", "productId": "186439", "size": "9 oz bag"},
{"thumb": "http://i4.peapod.com/c/KK/KKNHZ.gif", "price": "269", "unit_price": "$.27/ oz", "name": "WHOPPERS Robin Eggs Malted Milk Candy", "cnid": "1975", "productId": "144070", "size": "10 oz bag"},
{"thumb": "http://i4.peapod.com/c/KK/KKNHZ.gif", "price": "920", "unit_price": "$.46/ ea", "name": "USPS Forever First Class Postage Stamps Self Adhesive $0.46", "cnid": "1974", "productId": "10827", "size": "20 ct pkg"},
{"thumb": "http://i4.peapod.com/c/KK/KKNHZ.gif", "price": "549", "unit_price": "$2.74/ ea", "name": "D-Con No View, No Touch Mouse Traps", "cnid": "1969", "productId": "162556", "size": "2 ct pkg"},
{"thumb": "http://i4.peapod.com/c/KK/KKNHZ.gif", "price": "629", "unit_price": "$1.57/ ea", "name": "D-Con Ready Mixed Baitbits Kills Mice & Rats", "cnid": "1969", "productId": "162557", "size": "4 ct pkg"},
{"thumb": "http://i4.peapod.com/c/KK/KKNHZ.gif", "price": "549", "unit_price": "$.92/ oz", "name": "OFF! Active Insect Repellent 15% Deet Sweat Resistant Spray", "cnid": "1969", "productId": "56120", "size": "6 oz can"},
{"thumb": "http://i4.peapod.com/c/KK/KKNHZ.gif", "price": "519", "unit_price": "$2.60/ ea", "name": "OFF! Clip-On Mosquito Repellent Refills", "cnid": "1969", "productId": "154971", "size": "2 ct pkg"},
{"thumb": "http://i4.peapod.com/c/KK/KKNHZ.gif", "price": "549", "unit_price": "$.92/ oz", "name": "OFF! Deep Woods Insect Repellent 25% Deet Unscented Aerosol", "cnid": "1969", "productId": "56115", "size": "6 oz can"},
{"thumb": "http://i4.peapod.com/c/KK/KKNHZ.gif", "price": "599", "unit_price": "$1.50/ oz", "name": "OFF! Family Care Insect Repellent Smooth & Dry Aerosol Spray", "cnid": "1969", "productId": "159016", "size": "4 oz can"},
{"thumb": "http://i4.peapod.com/c/KK/KKNHZ.gif", "price": "999", "unit_price": "$.62/ oz", "name": "OFF! Yard & Deck Area Flying Insect Repellent Outdoor Fogger", "cnid": "1969", "productId": "81015", "size": "16 oz can"},
{"thumb": "http://i4.peapod.com/c/KK/KKNHZ.gif", "price": "350", "unit_price": "$.20/ oz", "name": "Raid Ant & Roach Killer Fragrance Free Aerosol", "cnid": "1969", "productId": "60862", "size": "17.5 oz can"},
{"thumb": "http://i4.peapod.com/c/KK/KKNHZ.gif", "price": "350", "unit_price": "$.20/ oz", "name": "Raid Ant & Roach Killer Outdoor Fresh Scent Aerosol", "cnid": "1969", "productId": "60858", "size": "17.5 oz can"},
{"thumb": "http://i4.peapod.com/c/KK/KKNHZ.gif", "price": "699", "unit_price": "$.87/ ea", "name": "Raid Ant Baits Double Control", "cnid": "1969", "productId": "172546", "size": "8 ct box"},
{"thumb": "http://i4.peapod.com/c/KK/KKNHZ.gif", "price": "579", "unit_price": "$1.45/ ea", "name": "Raid Ant Baits Double Control", "cnid": "1969", "productId": "137924", "size": "4 ct pkg"},
{"thumb": "http://i4.peapod.com/c/KK/KKNHZ.gif", "price": "350", "unit_price": "$.20/ oz", "name": "Raid Ant Killer Unscented Aerosol", "cnid": "1969", "productId": "93550", "size": "17.5 oz can"},
{"thumb": "http://i4.peapod.com/c/KK/KKNHZ.gif", "price": "529", "unit_price": "$.35/ oz", "name": "Raid Flying Insect Killer Outdoor Fresh Aerosol", "cnid": "1969", "productId": "80339", "size": "15 oz can"},
{"thumb": "http://i4.peapod.com/c/KK/KKNHZ.gif", "price": "649", "unit_price": "$.59/ oz", "name": "Raid House & Garden Bug Killer Gentle Formula Aerosol", "cnid": "1969", "productId": "20520", "size": "11 oz can"},
{"thumb": "http://i4.peapod.com/c/KK/KKNHZ.gif", "price": "499", "unit_price": "$.36/ oz", "name": "Raid Wasp & Hornet Killer Aerosol", "cnid": "1969", "productId": "60863", "size": "14 oz can"},
{"thumb": "http://i4.peapod.com/c/KK/KKNHZ.gif", "price": "489", "unit_price": "$.98/ ea", "name": "BIC Lighters Classic Disposable", "cnid": "1913", "productId": "148062", "size": "5 ct pkg"},
{"thumb": "http://i4.peapod.com/c/KK/KKNHZ.gif", "price": "499", "unit_price": "$4.99/ ea", "name": "BIC Sure Start Utility Lighter", "cnid": "1913", "productId": "155090", "size": "1 ct pkg"},
{"thumb": "http://i4.peapod.com/c/KK/KKNHZ.gif", "price": "899", "unit_price": "$.03/ oz", "name": "Companion Wild Bird Food Basic Blend", "cnid": "1913", "productId": "158878", "size": "20 lb bag"},
{"thumb": "http://i4.peapod.com/c/KK/KKNHZ.gif", "price": "1199", "unit_price": "$.08/ oz", "name": "Companion Wild Bird Food Black Oil Sunflower Seeds", "cnid": "1913", "productId": "65882", "size": "10 lb bag"},
{"thumb": "http://i4.peapod.com/c/KK/KKNHZ.gif", "price": "249", "unit_price": "$.04/ oz", "name": "Companion Wild Bird Food Cracked Corn", "cnid": "1913", "productId": "65888", "size": "4 lb bag"},
{"thumb": "http://i4.peapod.com/c/KK/KKNHZ.gif", "price": "399", "unit_price": "$.12/ oz", "name": "Companion Wild Bird Food Thistle Seeds", "cnid": "1913", "productId": "190397", "size": "2 lb bag"},
{"thumb": "http://i4.peapod.com/c/KK/KKNHZ.gif", "price": "499", "unit_price": "$.20/ lb", "name": "Diamond Crystal Winter Melt Rock Salt", "cnid": "1913", "productId": "161577", "size": "25 lb bag"},
{"thumb": "http://i4.peapod.com/c/KK/KKNHZ.gif", "price": "299", "unit_price": "$.30/ lb", "name": "Diamond Winter Melt Salt", "cnid": "1913", "productId": "119948", "size": "10 lb bag"},
{"thumb": "http://i4.peapod.com/c/KK/KKNHZ.gif", "price": "399", "unit_price": "$3.99/ ea", "name": "Grilling Planks Cedar 15 Inch", "cnid": "1913", "productId": "155387", "size": "1 ea"},
{"thumb": "http://i4.peapod.com/c/KK/KKNHZ.gif", "price": "199", "unit_price": "$2.65/ oz", "name": "Hartz Advanced Care Cuttlebone with Holder", "cnid": "1913", "productId": "161359", "size": "0.75 oz pkg"},
{"thumb": "http://i4.peapod.com/c/KK/KKNHZ.gif", "price": "299", "unit_price": "$2.99/ doz", "name": "Hartz At Play Sisal & Rope Bird Toy for Smaller Birds", "cnid": "1913", "productId": "161357", "size": "1 ct pkg"},
{"thumb": "http://i4.peapod.com/c/KK/KKNHZ.gif", "price": "999", "unit_price": "$.16/ oz", "name": "Hartz Bonanza Cockatiel Diet", "cnid": "1913", "productId": "161368", "size": "4 lb bag"},
{"thumb": "http://i4.peapod.com/c/KK/KKNHZ.gif", "price": "499", "unit_price": "$.21/ oz", "name": "Hartz Bonanza Cockatiel Gourmet Diet", "cnid": "1913", "productId": "117396", "size": "24 oz jug"},
{"thumb": "http://i4.peapod.com/c/KK/KKNHZ.gif", "price": "799", "unit_price": "$.12/ oz", "name": "Hartz Bonanza Parakeet Diet", "cnid": "1913", "productId": "127103", "size": "4 lb bag"},
{"thumb": "http://i4.peapod.com/c/KK/KKNHZ.gif", "price": "499", "unit_price": "$.21/ oz", "name": "Hartz Bonanza Parakeet Gourmet Diet", "cnid": "1913", "productId": "64894", "size": "24 oz btl"},
{"thumb": "http://i4.peapod.com/c/KK/KKNHZ.gif", "price": "499", "unit_price": "$.28/ oz", "name": "Hartz Bonanza Parrot Diet Complete Nutrition", "cnid": "1913", "productId": "161364", "size": "18 oz btl"},
{"thumb": "http://i4.peapod.com/c/KK/KKNHZ.gif", "price": "949", "unit_price": "$.09/ oz", "name": "Kaytee Cardinal Blend Wild Bird Food", "cnid": "1913", "productId": "161652", "size": "7 lb bag"},
{"thumb": "http://i4.peapod.com/c/KK/KKNHZ.gif", "price": "1099", "unit_price": "$10.99/ ea", "name": "Kaytee Finch Feeder Station", "cnid": "1913", "productId": "161615", "size": "1 ct pkg"},
{"thumb": "http://i4.peapod.com/c/KK/KKNHZ.gif", "price": "499", "unit_price": "$.16/ oz", "name": "Kaytee Forti-Diet Canary Food", "cnid": "1913", "productId": "161367", "size": "2 lb bag"},
{"thumb": "http://i4.peapod.com/c/KK/KKNHZ.gif", "price": "949", "unit_price": "$.12/ oz", "name": "Kaytee Forti-Diet Cockatiel Food", "cnid": "1913", "productId": "161369", "size": "5 lb bag"},
{"thumb": "http://i4.peapod.com/c/KK/KKNHZ.gif", "price": "1049", "unit_price": "$.13/ oz", "name": "Kaytee Forti-Diet Parrot Food", "cnid": "1913", "productId": "161370", "size": "5 lb bag"},
{"thumb": "http://i4.peapod.com/c/KK/KKNHZ.gif", "price": "399", "unit_price": "$.33/ ea", "name": "Kaytee Natural Spray Millet", "cnid": "1913", "productId": "161362", "size": "12 ct pkg"},
{"thumb": "http://i4.peapod.com/c/KK/KKNHZ.gif", "price": "269", "unit_price": "$.45/ ea", "name": "Kaytee Natural Spray Millet", "cnid": "1913", "productId": "161360", "size": "6 ct pkg"},
{"thumb": "http://i4.peapod.com/c/KK/KKNHZ.gif", "price": "1399", "unit_price": "$.09/ oz", "name": "Kaytee Premium Wild Bird Food Songbird Blend", "cnid": "1913", "productId": "161651", "size": "10 lb bag"},
{"thumb": "http://i4.peapod.com/c/KK/KKNHZ.gif", "price": "449", "unit_price": "$.06/ oz", "name": "Kaytee Wild Bird Food Basic Blend", "cnid": "1913", "productId": "180741", "size": "5 lb bag"},
{"thumb": "http://i4.peapod.com/c/KK/KKNHZ.gif", "price": "1049", "unit_price": "$.13/ oz", "name": "Kaytee Wild Bird Food Nut & Fruit Blend", "cnid": "1913", "productId": "161653", "size": "5 lb bag"},
{"thumb": "http://i4.peapod.com/c/KK/KKNHZ.gif", "price": "399", "unit_price": "$1.33/ lb", "name": "Kingsford Charcoal BBQ Bag - Single Use", "cnid": "1913", "productId": "144773", "size": "3 lb bag"},
{"thumb": "http://i4.peapod.com/c/KK/KKNHZ.gif", "price": "499", "unit_price": "$.16/ oz", "name": "Kingsford Lighter Fluid Odorless", "cnid": "1913", "productId": "27785", "size": "32 oz btl"},
{"thumb": "http://i4.peapod.com/c/KK/KKNHZ.gif", "price": "349", "unit_price": "$.44/ oz", "name": "Miracle-Gro All-Purpose Plant Food 8-7-6 Liquid", "cnid": "1913", "productId": "38940", "size": "8 oz btl"},
{"thumb": "http://i4.peapod.com/c/KK/KKNHZ.gif", "price": "199", "unit_price": "$1.81/ oz", "name": "Miracle-Gro Indoor Plant Food Spikes 6-12-6 - 24 ct", "cnid": "1913", "productId": "92899", "size": "1.1 oz pkg"},
{"thumb": "http://i4.peapod.com/c/KK/KKNHZ.gif", "price": "699", "unit_price": "$.58/ lb", "name": "Morton Action Melt Ice Melter", "cnid": "1913", "productId": "157359", "size": "12 lb jug"},
{"thumb": "http://i4.peapod.com/c/KK/KKNHZ.gif", "price": "1599", "unit_price": "$2.00/ lb", "name": "Pet Guard Ice & Snow Melter", "cnid": "1913", "productId": "148301", "size": "8 lb jug"},
{"thumb": "http://i4.peapod.com/c/KK/KKNHZ.gif", "price": "299", "unit_price": "$.02/ oz", "name": "Schultz Potting Soil Plus for Indoor & Outdoor Plants", "cnid": "1913", "productId": "134577", "size": "4 qt bag"},
{"thumb": "http://i4.peapod.com/c/KK/KKNHZ.gif", "price": "499", "unit_price": "$.02/ oz", "name": "Schultz Professional Potting Soil Plus Complete Potting & Planting Mix", "cnid": "1913", "productId": "116996", "size": "8 qt bag"},
{"thumb": "http://i4.peapod.com/c/KK/KKNHZ.gif", "price": "699", "unit_price": "$.01/ oz", "name": "Schultz Professional Potting Soil Plus Complete Potting & Planting Mix", "cnid": "1913", "productId": "134576", "size": "16 qt bag"},
{"thumb": "http://i4.peapod.com/c/KK/KKNHZ.gif", "price": "699", "unit_price": "$.52/ lb", "name": "Smart Living Charcoal Briquets", "cnid": "1913", "productId": "144774", "size": "13.5 lb bag"},
{"thumb": "http://i4.peapod.com/c/KK/KKNHZ.gif", "price": "799", "unit_price": "$.48/ lb", "name": "Smart Living Charcoal Briquets", "cnid": "1913", "productId": "58299", "size": "16.6 lb bag"},
{"thumb": "http://i4.peapod.com/c/KK/KKNHZ.gif", "price": "399", "unit_price": "$.12/ oz", "name": "Smart Living Charcoal Lighter Fluid", "cnid": "1913", "productId": "124646", "size": "32 oz btl"},
{"thumb": "http://i4.peapod.com/c/KK/KKNHZ.gif", "price": "100", "unit_price": "$.12/ ea", "name": "Smart Living Corn Holders Deluxe", "cnid": "1913", "productId": "154207", "size": "8 ct pkg"},
{"thumb": "http://i4.peapod.com/c/KK/KKNHZ.gif", "price": "100", "unit_price": "$1.00/ ea", "name": "Smart Living Grill Brush with Scraper", "cnid": "1913", "productId": "159024", "size": "1 ea"},
{"thumb": "http://i4.peapod.com/c/KK/KKNHZ.gif", "price": "200", "unit_price": "$2.00/ ea", "name": "Smart Living Grill Brush with Scraper & Wood Handle", "cnid": "1913", "productId": "154206", "size": "1 ea"},
{"thumb": "http://i4.peapod.com/c/KK/KKNHZ.gif", "price": "100", "unit_price": "$.01/ ea", "name": "Smart Living Skewers Bamboo 12 Inch", "cnid": "1913", "productId": "160304", "size": "75 ct pkg"},
{"thumb": "http://i4.peapod.com/c/KK/KKNHZ.gif", "price": "100", "unit_price": "$.01/ ea", "name": "Smart Living Skewers Bamboo 8 Inch", "cnid": "1913", "productId": "154208", "size": "100 ct pkg"},
{"thumb": "http://i4.peapod.com/c/KK/KKNHZ.gif", "price": "300", "unit_price": "$3.00/ ea", "name": "Smart Living Thermometer for Meat & Poultry Nonstick", "cnid": "1913", "productId": "160310", "size": "1 ea"},
{"thumb": "http://i4.peapod.com/c/KK/KKNHZ.gif", "price": "385", "unit_price": "$3.85/ ea", "name": "Smart Living Thermometer Instant Read", "cnid": "1913", "productId": "178818", "size": "1 ct ea"},
{"thumb": "http://i4.peapod.com/c/KK/KKNHZ.gif", "price": "799", "unit_price": "$.67/ lb", "name": "Zero Ice Snow Melter", "cnid": "1913", "productId": "73781", "size": "12 lb jug"},
{"thumb": "http://i4.peapod.com/c/KK/KKNHZ.gif", "price": "269", "unit_price": "$.02/ ea", "name": "3M Post-it Super Sticky Notes Assorted Colors 3 pk/45 ea", "cnid": "1849", "productId": "160432", "size": "3 ct pkg"},
{"thumb": "http://i4.peapod.com/c/KK/KKNHZ.gif", "price": "399", "unit_price": "$.16/ yard", "name": "3M Scotch Magic Tape with Dispenser .75 X 300 Inch ea - 3 pk", "cnid": "1849", "productId": "106446", "size": "25 yards"},
{"thumb": "http://i4.peapod.com/c/KK/KKNHZ.gif", "price": "209", "unit_price": "$.21/ ea", "name": "BIC Cristal Stic Ball Point Pens Medium Point Black", "cnid": "1849", "productId": "27923", "size": "10 ct pkg"},
{"thumb": "http://i4.peapod.com/c/KK/KKNHZ.gif", "price": "399", "unit_price": "$.40/ ea", "name": "BIC Matic Grip Mechanical Pencils 0.7mm Lead Assorted Colors", "cnid": "1849", "productId": "155830", "size": "10 ct pkg"},
{"thumb": "http://i4.peapod.com/c/KK/KKNHZ.gif", "price": "259", "unit_price": "$2.59/ ea", "name": "BIC Wite-Out Shake 'N Squeeze Correction Pen", "cnid": "1849", "productId": "85434", "size": "1 ct pkg"},
{"thumb": "http://i4.peapod.com/c/KK/KKNHZ.gif", "price": "199", "unit_price": "$.08/ ea", "name": "Crayola Crayons", "cnid": "1849", "productId": "8434", "size": "24 ct box"},
{"thumb": "http://i4.peapod.com/c/KK/KKNHZ.gif", "price": "399", "unit_price": "$.40/ ea", "name": "Crayola Markers Classic Colors Fine Line", "cnid": "1849", "productId": "44173", "size": "10 ct pkg"},
{"thumb": "http://i4.peapod.com/c/KK/KKNHZ.gif", "price": "159", "unit_price": "$.40/ oz", "name": "Elmer's School Glue Washable", "cnid": "1849", "productId": "2405", "size": "4 oz btl"},
{"thumb": "http://i4.peapod.com/c/KK/KKNHZ.gif", "price": "249", "unit_price": "$22.64/ oz", "name": "Krazy Glue Instant All Purpose Pen", "cnid": "1849", "productId": "138866", "size": ".106 oz pkg"},
{"thumb": "http://i4.peapod.com/c/KK/KKNHZ.gif", "price": "599", "unit_price": "$1.50/ ea", "name": "Pilot G2 Retractable Gel Ink Rolling Ball Pens Fine Point Black", "cnid": "1849", "productId": "138862", "size": "4 ct pkg"},
{"thumb": "http://i4.peapod.com/c/KK/KKNHZ.gif", "price": "529", "unit_price": "$.01/ ea", "name": "PrintWorks Copy Paper Multiuse", "cnid": "1849", "productId": "161719", "size": "400 ct pkg"},
{"thumb": "http://i4.peapod.com/c/KK/KKNHZ.gif", "price": "1049", "unit_price": "$.87/ ea", "name": "Sharpie Permanent Markers Fine Point Assorted Colors", "cnid": "1849", "productId": "160427", "size": "12 ct pkg"},
{"thumb": "http://i4.peapod.com/c/KK/KKNHZ.gif", "price": "99", "unit_price": "$.10/ ea", "name": "Smart Living Ball Point Pens Black", "cnid": "1849", "productId": "163247", "size": "10 ct pkg"},
{"thumb": "http://i4.peapod.com/c/KK/KKNHZ.gif", "price": "99", "unit_price": "$.10/ ea", "name": "Smart Living Ball Point Pens Blue", "cnid": "1849", "productId": "163246", "size": "10 ct pkg"},
{"thumb": "http://i4.peapod.com/c/KK/KKNHZ.gif", "price": "149", "unit_price": "$.02/ ea", "name": "Smart Living Bound Notebook 1 Subject Wide Ruled 10.5 X 8.5 Inch", "cnid": "1849", "productId": "163234", "size": "80 pgs"},
{"thumb": "http://i4.peapod.com/c/KK/KKNHZ.gif", "price": "99", "unit_price": "$.12/ ea", "name": "Smart Living Comfort Grip Stick Ball Point Pens Medium Blue", "cnid": "1849", "productId": "161678", "size": "8 ct pkg"},
{"thumb": "http://i4.peapod.com/c/KK/KKNHZ.gif", "price": "150", "unit_price": "$.30/ ea", "name": "Smart Living Envelopes Clasp 9 X 12 Inch", "cnid": "1849", "productId": "161682", "size": "5 ct pkg"},
{"thumb": "http://i4.peapod.com/c/KK/KKNHZ.gif", "price": "169", "unit_price": "$.03/ ea", "name": "Smart Living Envelopes White #10 4.13 X 9.5 Inch", "cnid": "1849", "productId": "161679", "size": "50 ct box"},
{"thumb": "http://i4.peapod.com/c/KK/KKNHZ.gif", "price": "169", "unit_price": "$.02/ ea", "name": "Smart Living Envelopes White #6.75 3.63 X 6.5 Inch", "cnid": "1849", "productId": "161680", "size": "100 ct box"},
{"thumb": "http://i4.peapod.com/c/KK/KKNHZ.gif", "price": "99", "unit_price": "$.50/ ea", "name": "Smart Living Eraser & Lead Refills 0.7 mm 2 Tubes/24 ct Lead + 10 Erasers", "cnid": "1849", "productId": "163245", "size": "2 ct pkg"},
{"thumb": "http://i4.peapod.com/c/KK/KKNHZ.gif", "price": "119", "unit_price": "$.40/ ea", "name": "Smart Living Erasers Wedge Pink", "cnid": "1849", "productId": "161685", "size": "3 ct pkg"},
{"thumb": "http://i4.peapod.com/c/KK/KKNHZ.gif", "price": "150", "unit_price": "$.01/ ea", "name": "Smart Living Filler Paper College Ruled 10.5 X 8 Inch", "cnid": "1849", "productId": "161686", "size": "150 ct pkg"},
{"thumb": "http://i4.peapod.com/c/KK/KKNHZ.gif", "price": "150", "unit_price": "$.01/ ea", "name": "Smart Living Filler Paper Wide Ruled 10.5 X 8 Inch", "cnid": "1849", "productId": "161687", "size": "150 ct pkg"},
{"thumb": "http://i4.peapod.com/c/KK/KKNHZ.gif", "price": "119", "unit_price": "$.40/ ea", "name": "Smart Living Glue Sticks Purple", "cnid": "1849", "productId": "163243", "size": "3 ct pkg"},
{"thumb": "http://i4.peapod.com/c/KK/KKNHZ.gif", "price": "69", "unit_price": "$.01/ ea", "name": "Smart Living Index Cards Plain 3 X 5 Inch", "cnid": "1849", "productId": "161691", "size": "100 ct pkg"},
{"thumb": "http://i4.peapod.com/c/KK/KKNHZ.gif", "price": "69", "unit_price": "$.01/ ea", "name": "Smart Living Index Cards Ruled 3 X 5 Inch", "cnid": "1849", "productId": "161692", "size": "100 ct pkg"},
{"thumb": "http://i4.peapod.com/c/KK/KKNHZ.gif", "price": "139", "unit_price": "$.01/ ea", "name": "Smart Living Index Cards Ruled 3 X 5 Inch Assorted Colors", "cnid": "1849", "productId": "161693", "size": "100 ct pkg"},
{"thumb": "http://i4.peapod.com/c/KK/KKNHZ.gif", "price": "199", "unit_price": "$.04/ ea", "name": "Smart Living Index Cards Spiral Bound Ruled 3 X 5 Inch", "cnid": "1849", "productId": "163239", "size": "50 ct pkg"},
{"thumb": "http://i4.peapod.com/c/KK/KKNHZ.gif", "price": "150", "unit_price": "$.08/ yard", "name": "Smart Living Invisible Tape .75 X 650 Inch", "cnid": "1849", "productId": "161696", "size": "18.05 yards"},
{"thumb": "http://i4.peapod.com/c/KK/KKNHZ.gif", "price": "129", "unit_price": "$.01/ ea", "name": "Smart Living Labels All Purpose Self Adhesive", "cnid": "1849", "productId": "163248", "size": "128 ct pkg"},
{"thumb": "http://i4.peapod.com/c/KK/KKNHZ.gif", "price": "449", "unit_price": "$.03/ ea", "name": "Smart Living Legal Pads Ruled White 3 pk/50 ea", "cnid": "1849", "productId": "161697", "size": "3 ct pkg"},
{"thumb": "http://i4.peapod.com/c/KK/KKNHZ.gif", "price": "399", "unit_price": "$.02/ ea", "name": "Smart Living Legal Pads Ruled White 5 pk/50 ea", "cnid": "1849", "productId": "161749", "size": "5 ct pkg"},
{"thumb": "http://i4.peapod.com/c/KK/KKNHZ.gif", "price": "449", "unit_price": "$.03/ ea", "name": "Smart Living Legal Pads Ruled Yellow 3 pk/50 ea", "cnid": "1849", "productId": "161698", "size": "3 ct pkg"},
{"thumb": "http://i4.peapod.com/c/KK/KKNHZ.gif", "price": "399", "unit_price": "$.02/ ea", "name": "Smart Living Legal Pads Ruled Yellow 5 pk/50 ea", "cnid": "1849", "productId": "161748", "size": "5 ct pkg"},
{"thumb": "http://i4.peapod.com/c/KK/KKNHZ.gif", "price": "99", "unit_price": "$.03/ ea", "name": "Smart Living Paper Clips Colored Large", "cnid": "1849", "productId": "163241", "size": "40 ct box"},
{"thumb": "http://i4.peapod.com/c/KK/KKNHZ.gif", "price": "99", "unit_price": "$.01/ ea", "name": "Smart Living Paper Clips Colored Small", "cnid": "1849", "productId": "163240", "size": "100 ct box"},
{"thumb": "http://i4.peapod.com/c/KK/KKNHZ.gif", "price": "119", "unit_price": "$.03/ ea", "name": "Smart Living Paper Clips Jumbo", "cnid": "1849", "productId": "161700", "size": "45 ct pkg"},
{"thumb": "http://i4.peapod.com/c/KK/KKNHZ.gif", "price": "129", "unit_price": "$.01/ ea", "name": "Smart Living Paper Clips Standard", "cnid": "1849", "productId": "161750", "size": "100 ct box"},
{"thumb": "http://i4.peapod.com/c/KK/KKNHZ.gif", "price": "99", "unit_price": "$.10/ ea", "name": "Smart Living Pencils #2 Yellow", "cnid": "1849", "productId": "161704", "size": "10 ct pkg"},
{"thumb": "http://i4.peapod.com/c/KK/KKNHZ.gif", "price": "99", "unit_price": "$.99/ ea", "name": "Smart Living Pencil Sharpener Dome", "cnid": "1849", "productId": "161703", "size": "1 ct pkg"},
{"thumb": "http://i4.peapod.com/c/KK/KKNHZ.gif", "price": "119", "unit_price": "$1.19/ ea", "name": "Smart Living Pencil Sharpener Dual", "cnid": "1849", "productId": "163249", "size": "1 ct pkg"},
{"thumb": "http://i4.peapod.com/c/KK/KKNHZ.gif", "price": "189", "unit_price": "$.19/ ea", "name": "Smart Living Pencils Mechanical 0.7 mm", "cnid": "1849", "productId": "163233", "size": "10 ct pkg"},
{"thumb": "http://i4.peapod.com/c/KK/KKNHZ.gif", "price": "99", "unit_price": "$.02/ ea", "name": "Smart Living Push Pins Assorted Colors", "cnid": "1849", "productId": "164806", "size": "55 ct pkg"},
{"thumb": "http://i4.peapod.com/c/KK/KKNHZ.gif", "price": "99", "unit_price": "$.02/ ea", "name": "Smart Living Push Pins Clear", "cnid": "1849", "productId": "161705", "size": "55 ct pkg"},
{"thumb": "http://i4.peapod.com/c/KK/KKNHZ.gif", "price": "249", "unit_price": "$2.49/ ea", "name": "Smart Living Rubber Bands Assorted Sizes 1/4 lb", "cnid": "1849", "productId": "161706", "size": "1 bag"},
{"thumb": "http://i4.peapod.com/c/KK/KKNHZ.gif", "price": "99", "unit_price": "$.25/ oz", "name": "Smart Living School Glue Washable", "cnid": "1849", "productId": "163244", "size": "4 oz btl"},
{"thumb": "http://i4.peapod.com/c/KK/KKNHZ.gif", "price": "119", "unit_price": "$1.19/ ea", "name": "Smart Living Scissors Children's Pointed 5 Inch", "cnid": "1849", "productId": "161708", "size": "1 ct pkg"},
{"thumb": "http://i4.peapod.com/c/KK/KKNHZ.gif", "price": "149", "unit_price": "$.10/ ea", "name": "Smart Living Sheet Protectors Medium Clear 8.5 X 11 Inch", "cnid": "1849", "productId": "146574", "size": "15 ct pkg"},
{"thumb": "http://i4.peapod.com/c/KK/KKNHZ.gif", "price": "199", "unit_price": "$.02/ ea", "name": "Smart Living Spiral Notebook 3 Subject College Ruled 10.5 X 8 Inch", "cnid": "1849", "productId": "163235", "size": "120 pgs"},
{"thumb": "http://i4.peapod.com/c/KK/KKNHZ.gif", "price": "250", "unit_price": "$.01/ ea", "name": "Smart Living Spiral Notebook 5 Subject Wide Ruled 10.5 X 8 Inch", "cnid": "1849", "productId": "163236", "size": "180 pgs"},
{"thumb": "http://i4.peapod.com/c/KK/KKNHZ.gif", "price": "199", "unit_price": "$.01/ ea", "name": "Smart Living Sticky Notes Pink 4 pk/50 ea", "cnid": "1849", "productId": "164805", "size": "4 ct pkg"},
{"thumb": "http://i4.peapod.com/c/KK/KKNHZ.gif", "price": "199", "unit_price": "$.01/ ea", "name": "Smart Living Sticky Notes Yellow 4 pk/50 ea", "cnid": "1849", "productId": "167172", "size": "4 ct pkg"},
{"thumb": "http://i4.peapod.com/c/KK/KKNHZ.gif", "price": "249", "unit_price": "$.05/ ea", "name": "Smart Living Strip & Seal Envelopes Security #10 4.13 X 9.5 Inch", "cnid": "1849", "productId": "161715", "size": "45 ct box"},
{"thumb": "http://i4.peapod.com/c/KK/KKNHZ.gif", "price": "249", "unit_price": "$.05/ ea", "name": "Smart Living Strip & Seal Envelopes Security #6.75 3.63 X 6.5 Inch", "cnid": "1849", "productId": "162576", "size": "55 ct box"},
{"thumb": "http://i4.peapod.com/c/KK/KKNHZ.gif", "price": "249", "unit_price": "$.05/ ea", "name": "Smart Living Strip & Seal Envelopes White #10 4.13 x 9.5 Inch", "cnid": "1849", "productId": "162575", "size": "50 ct box"},
{"thumb": "http://i4.peapod.com/c/KK/KKNHZ.gif", "price": "199", "unit_price": "$.02/ ea", "name": "Smart Living Writing Tablet Ruled White 1 pk/100 ea", "cnid": "1849", "productId": "163238", "size": "1 ct pkg"},
{"thumb": "http://i4.peapod.com/c/KK/KKNHZ.gif", "price": "199", "unit_price": "$.02/ ea", "name": "Smart Living Writing Tablet Unruled White 1 pk/100 ea", "cnid": "1849", "productId": "163237", "size": "1 ct pkg"},
{"thumb": "http://i4.peapod.com/c/KK/KKNHZ.gif", "price": "489", "unit_price": "$.98/ ea", "name": "BIC Lighters Classic Disposable", "cnid": "1750", "productId": "148062", "size": "5 ct pkg"},
{"thumb": "http://i4.peapod.com/c/KK/KKNHZ.gif", "price": "499", "unit_price": "$4.99/ ea", "name": "BIC Sure Start Utility Lighter", "cnid": "1750", "productId": "155090", "size": "1 ct pkg"},
{"thumb": "http://i4.peapod.com/c/KK/KKNHZ.gif", "price": "3299", "unit_price": "$32.99/ ea", "name": "Brita On Tap Water Filter System Advanced Features", "cnid": "1750", "productId": "130831", "size": "1 ct"},
{"thumb": "http://i4.peapod.com/c/KK/KKNHZ.gif", "price": "1599", "unit_price": "$5.33/ ea", "name": "Brita Replacement Pitcher Refill Filters", "cnid": "1750", "productId": "90489", "size": "3 ct pkg"},
{"thumb": "http://i4.peapod.com/c/KK/KKNHZ.gif", "price": "899", "unit_price": "$8.99/ ea", "name": "Brita Water Filter Pitcher Replacement", "cnid": "1750", "productId": "23665", "size": "1 ct pkg"},
{"thumb": "http://i4.peapod.com/c/KK/KKNHZ.gif", "price": "329", "unit_price": "$.11/ ea", "name": "ECOzip 2 Bags in 1 Bag Multi-Storage Snack/Sandwich", "cnid": "1750", "productId": "178506", "size": "30 ct box"},
{"thumb": "http://i4.peapod.com/c/KK/KKNHZ.gif", "price": "329", "unit_price": "$.22/ ea", "name": "ECOzip 2 Bags in 1 Gallon/Multi Storage", "cnid": "1750", "productId": "179039", "size": "15 ct box"},
{"thumb": "http://i4.peapod.com/c/KK/KKNHZ.gif", "price": "329", "unit_price": "$.11/ ea", "name": "ECOzip 2 Bags in 1 Quart/Multi Storage", "cnid": "1750", "productId": "179572", "size": "30 ct box"},
{"thumb": "http://i4.peapod.com/c/KK/KKNHZ.gif", "price": "299", "unit_price": "$1.50/ 100sf", "name": "Glad Cling Wrap 12 Inch Wide", "cnid": "1750", "productId": "554", "size": "200 sq ft"},
{"thumb": "http://i4.peapod.com/c/KK/KKNHZ.gif", "price": "395", "unit_price": "$5.64/ 100sf", "name": "Glad Press'n Seal Plastic Wrap", "cnid": "1750", "productId": "131754", "size": "70 sq ft"},
{"thumb": "http://i4.peapod.com/c/KK/KKNHZ.gif", "price": "319", "unit_price": "$1.06/ ea", "name": "GladWare Containers Big Bowl Large with Lids 48 oz ea", "cnid": "1750", "productId": "123635", "size": "3 ct pkg"},
{"thumb": "http://i4.peapod.com/c/KK/KKNHZ.gif", "price": "319", "unit_price": "$.64/ ea", "name": "GladWare Containers Entree with Lids 25 oz ea", "cnid": "1750", "productId": "87751", "size": "5 ct pkg"},
{"thumb": "http://i4.peapod.com/c/KK/KKNHZ.gif", "price": "100", "unit_price": "$.01/ ea", "name": "Guaranteed Value Sandwich Bags Fold & Close", "cnid": "1750", "productId": "150573", "size": "150 ct box"},
{"thumb": "http://i4.peapod.com/c/KK/KKNHZ.gif", "price": "150", "unit_price": "$1.50/ ea", "name": "Hefty EZ Foil All-Purpose Pan 13 1/2 X 9 5/8 X 2 3/4 Inch", "cnid": "1750", "productId": "108143", "size": "1 ct"},
{"thumb": "http://i4.peapod.com/c/KK/KKNHZ.gif", "price": "250", "unit_price": "$2.50/ ea", "name": "Hefty EZ Foil All-Purpose Pan with Lid 12 1/2 X 8 5/8 X 2 3/4 Inch", "cnid": "1750", "productId": "156290", "size": "1 ct"},
{"thumb": "http://i4.peapod.com/c/KK/KKNHZ.gif", "price": "250", "unit_price": "$.83/ ea", "name": "Hefty EZ Foil Broiler Pans 11 X 8 X 1 Inch", "cnid": "1750", "productId": "72486", "size": "3 ct"},
{"thumb": "http://i4.peapod.com/c/KK/KKNHZ.gif", "price": "100", "unit_price": "$.50/ ea", "name": "Hefty EZ Foil Broiler Pans Super Roaster 11 X 8 X 1 Inch", "cnid": "1750", "productId": "11431", "size": "2 ct"},
{"thumb": "http://i4.peapod.com/c/KK/KKNHZ.gif", "price": "100", "unit_price": "$.33/ ea", "name": "Hefty EZ Foil Cake Pans 8 X 8 X 1 3/4 Inch", "cnid": "1750", "productId": "82117", "size": "3 ct"},
{"thumb": "http://i4.peapod.com/c/KK/KKNHZ.gif", "price": "150", "unit_price": "$.50/ ea", "name": "Hefty EZ Foil Cake Pans Oblong 12.25 X 8.25 X 1.25 Inch", "cnid": "1750", "productId": "131114", "size": "3 ct"},
{"thumb": "http://i4.peapod.com/c/KK/KKNHZ.gif", "price": "250", "unit_price": "$1.25/ ea", "name": "Hefty EZ Foil Cake Pans with Cover 1/4 Sheet Cake 12.25 x 8.25 x 1.25 Inch", "cnid": "1750", "productId": "151812", "size": "2 ct"},
{"thumb": "http://i4.peapod.com/c/KK/KKNHZ.gif", "price": "250", "unit_price": "$1.25/ ea", "name": "Hefty EZ Foil Cake Pans with Covers 13 X 9 X 2 Inch", "cnid": "1750", "productId": "162283", "size": "2 ct"},
{"thumb": "http://i4.peapod.com/c/KK/KKNHZ.gif", "price": "250", "unit_price": "$.83/ ea", "name": "Hefty EZ Foil Cake Pan with Covers 8 X 8 X 1 5/8 Inch", "cnid": "1750", "productId": "162280", "size": "3 ct"},
{"thumb": "http://i4.peapod.com/c/KK/KKNHZ.gif", "price": "150", "unit_price": "$.75/ ea", "name": "Hefty EZ Foil Casserole Pans 11 X 9 X 1 Inch", "cnid": "1750", "productId": "11423", "size": "2 ct"},
{"thumb": "http://i4.peapod.com/c/KK/KKNHZ.gif", "price": "150", "unit_price": "$.75/ ea", "name": "Hefty EZ Foil Casserole Pans Giant 9.25 X 2.75 Inch", "cnid": "1750", "productId": "118261", "size": "2 ct"},
{"thumb": "http://i4.peapod.com/c/KK/KKNHZ.gif", "price": "150", "unit_price": "$1.50/ ea", "name": "Hefty EZ Foil Classic Crown Roaster Medium 12-7/8 X 10 X 2-7/8 Inch", "cnid": "1750", "productId": "127777", "size": "1 ct"},
{"thumb": "http://i4.peapod.com/c/KK/KKNHZ.gif", "price": "200", "unit_price": "$1.00/ ea", "name": "Hefty EZ Foil Cookie Sheets 15 X 10 1/4 X 3/4 Inch", "cnid": "1750", "productId": "162284", "size": "2 ct"},
{"thumb": "http://i4.peapod.com/c/KK/KKNHZ.gif", "price": "200", "unit_price": "$2.00/ ea", "name": "Hefty EZ Foil Crown Rack Oval Roaster 17.25", "cnid": "1750", "productId": "127750", "size": "1 ct"},
{"thumb": "http://i4.peapod.com/c/KK/KKNHZ.gif", "price": "150", "unit_price": "$.75/ ea", "name": "Hefty EZ Foil EZ Elegance Baking Pans 13 X 9 X 2 Inch", "cnid": "1750", "productId": "11421", "size": "2 ct"},
{"thumb": "http://i4.peapod.com/c/KK/KKNHZ.gif", "price": "100", "unit_price": "$.50/ ea", "name": "Hefty EZ Foil Fudge Pans 9 X 6 X 1 Inch", "cnid": "1750", "productId": "82411", "size": "2 ct"},
{"thumb": "http://i4.peapod.com/c/KK/KKNHZ.gif", "price": "150", "unit_price": "$1.50/ ea", "name": "Hefty EZ Foil Lasagna Pan Extra Deep 13.5 X 9 5/8 X 2.75 Inch", "cnid": "1750", "productId": "80668", "size": "1 ct"},
{"thumb": "http://i4.peapod.com/c/KK/KKNHZ.gif", "price": "100", "unit_price": "$.33/ ea", "name": "Hefty EZ Foil Loaf Pans 8 X 3 X 2 Inch", "cnid": "1750", "productId": "82116", "size": "3 ct"},
{"thumb": "http://i4.peapod.com/c/KK/KKNHZ.gif", "price": "100", "unit_price": "$.50/ ea", "name": "Hefty EZ Foil Loaf Pans 9 X 5 X 3 Inch", "cnid": "1750", "productId": "79308", "size": "2 ct"},
{"thumb": "http://i4.peapod.com/c/KK/KKNHZ.gif", "price": "100", "unit_price": "$.33/ ea", "name": "Hefty EZ Foil Pie Pans 9 X 1 Inch", "cnid": "1750", "productId": "11429", "size": "3 ct"},
{"thumb": "http://i4.peapod.com/c/KK/KKNHZ.gif", "price": "150", "unit_price": "$.75/ ea", "name": "Hefty EZ Foil Roaster Baker Pans Super 11 X 9 X 2 Inch", "cnid": "1750", "productId": "11424", "size": "2 ct"},
{"thumb": "http://i4.peapod.com/c/KK/KKNHZ.gif", "price": "250", "unit_price": "$1.25/ ea", "name": "Hefty EZ Foil Roaster Pans with Covers EZ Elegance 11 3/4 X 9 1/4 X 2 1/2", "cnid": "1750", "productId": "169838", "size": "2 ct"},
{"thumb": "http://i4.peapod.com/c/KK/KKNHZ.gif", "price": "250", "unit_price": "$2.50/ ea", "name": "Hefty EZ Foil Roaster Pan w/Handles 16 1/8 X 11 3/4 X 3 7/8 Inch", "cnid": "1750", "productId": "162282", "size": "1 ct"},
{"thumb": "http://i4.peapod.com/c/KK/KKNHZ.gif", "price": "250", "unit_price": "$2.50/ ea", "name": "Hefty EZ Foil Roaster Pan w/Handles 16 7/8 X 12 11/16 X 3 1/16 Inch", "cnid": "1750", "productId": "162281", "size": "1 ct"},
{"thumb": "http://i4.peapod.com/c/KK/KKNHZ.gif", "price": "200", "unit_price": "$2.00/ ea", "name": "Hefty EZ Foil SuperRoaster Roasting Pan Heavy Duty 16 X 12.5 X 3.25 Inch", "cnid": "1750", "productId": "88869", "size": "1 ct"},
{"thumb": "http://i4.peapod.com/c/KK/KKNHZ.gif", "price": "300", "unit_price": "$1.50/ ea", "name": "Hefty EZ Ovenware Casserole Pans with Covers 2 Quart", "cnid": "1750", "productId": "169846", "size": "2 ct"},
{"thumb": "http://i4.peapod.com/c/KK/KKNHZ.gif", "price": "249", "unit_price": "$.19/ ea", "name": "Hefty One Zip Freezer Bags Gallon", "cnid": "1750", "productId": "43639", "size": "13 ct box"},
{"thumb": "http://i4.peapod.com/c/KK/KKNHZ.gif", "price": "361", "unit_price": "$.14/ ea", "name": "Hefty One Zip Freezer Bags Gallon", "cnid": "1750", "productId": "73788", "size": "25 ct box"},
{"thumb": "http://i4.peapod.com/c/KK/KKNHZ.gif", "price": "361", "unit_price": "$.30/ ea", "name": "Hefty One Zip Storage Bags Jumbo 2.5 Gallon", "cnid": "1750", "productId": "117263", "size": "12 ct box"},
{"thumb": "http://i4.peapod.com/c/KK/KKNHZ.gif", "price": "249", "unit_price": "$.14/ ea", "name": "Hefty Slider Freezer Bags Quart", "cnid": "1750", "productId": "43640", "size": "18 ct box"},
{"thumb": "http://i4.peapod.com/c/KK/KKNHZ.gif", "price": "361", "unit_price": "$.12/ ea", "name": "Hefty Storage Bags Slider Gallon", "cnid": "1750", "productId": "73790", "size": "30 ct box"},
{"thumb": "http://i4.peapod.com/c/KK/KKNHZ.gif", "price": "249", "unit_price": "$.11/ ea", "name": "Hefty Storage Bags Slider Quart", "cnid": "1750", "productId": "43637", "size": "22 ct box"},
{"thumb": "http://i4.peapod.com/c/KK/KKNHZ.gif", "price": "599", "unit_price": "$8.56/ 100sf", "name": "IF YOU CARE Parchment Baking Paper Chlorine-Free Unbleached 13 Inch Wide", "cnid": "1750", "productId": "137294", "size": "70 sq ft"},
{"thumb": "http://i4.peapod.com/c/KK/KKNHZ.gif", "price": "499", "unit_price": "$.50/ ea", "name": "Maxwell House Coffee Ground Filter Packs", "cnid": "1750", "productId": "6028", "size": "10 ct box"},
{"thumb": "http://i4.peapod.com/c/KK/KKNHZ.gif", "price": "219", "unit_price": "$.05/ ea", "name": "Melitta Coffee Filters #4 Natural Brown", "cnid": "1750", "productId": "7798", "size": "40 ct pkg"},
{"thumb": "http://i4.peapod.com/c/KK/KKNHZ.gif", "price": "219", "unit_price": "$.05/ ea", "name": "Melitta Coffee Filters Cone #2", "cnid": "1750", "productId": "7796", "size": "40 ct pkg"},
{"thumb": "http://i4.peapod.com/c/KK/KKNHZ.gif", "price": "499", "unit_price": "$.05/ ea", "name": "Melitta Coffee Filters Cone #4", "cnid": "1750", "productId": "45356", "size": "100 ct pkg"},
{"thumb": "http://i4.peapod.com/c/KK/KKNHZ.gif", "price": "499", "unit_price": "$.05/ ea", "name": "Melitta Coffee Filters Cone #4 Natural Brown", "cnid": "1750", "productId": "41821", "size": "100 ct pkg"},
{"thumb": "http://i4.peapod.com/c/KK/KKNHZ.gif", "price": "1999", "unit_price": "$19.99/ ea", "name": "PUR MineralClear Faucet Refill Water Filtration System #Rf-9999", "cnid": "1750", "productId": "161345", "size": "1 ct pkg"},
{"thumb": "http://i4.peapod.com/c/KK/KKNHZ.gif", "price": "1499", "unit_price": "$14.99/ ea", "name": "PUR Water Filtration System Classic Clear Refill Model RF-3375", "cnid": "1750", "productId": "162813", "size": "1 ct pkg"},
{"thumb": "http://i4.peapod.com/c/KK/KKNHZ.gif", "price": "1499", "unit_price": "$14.99/ ea", "name": "PUR Water Filtration System Pitcher 7-Cup Model CR-6000", "cnid": "1750", "productId": "162814", "size": "1 ct pkg"},
{"thumb": "http://i4.peapod.com/c/KK/KKNHZ.gif", "price": "999", "unit_price": "$9.99/ ea", "name": "PUR Water Filtration System Pitcher Refill Model CRF-950Z", "cnid": "1750", "productId": "162815", "size": "1 ct pkg"},
{"thumb": "http://i4.peapod.com/c/KK/KKNHZ.gif", "price": "799", "unit_price": "$2.00/ ea", "name": "Pyrex Custard Cups 6 oz ea - 4 ct", "cnid": "1750", "productId": "156864", "size": "4 ct pkg"},
{"thumb": "http://i4.peapod.com/c/KK/KKNHZ.gif", "price": "499", "unit_price": "$4.99/ ea", "name": "Pyrex Storage Round Dish with Lid 2 Cup", "cnid": "1750", "productId": "156865", "size": "1 ct pkg"},
{"thumb": "http://i4.peapod.com/c/KK/KKNHZ.gif", "price": "175", "unit_price": "$2.33/ 100sf", "name": "Reynolds Cut-Rite Wax Paper 11.9 Inch Wide", "cnid": "1750", "productId": "239", "size": "75 sq ft"},
{"thumb": "http://i4.peapod.com/c/KK/KKNHZ.gif", "price": "395", "unit_price": "$5.27/ 100sf", "name": "Reynolds Freezer Paper Plastic Coated", "cnid": "1750", "productId": "155964", "size": "75 sq ft"},
{"thumb": "http://i4.peapod.com/c/KK/KKNHZ.gif", "price": "275", "unit_price": "$1.38/ ea", "name": "Reynolds Oven Bags Turkey Size 19 X 23 1/2 Inch", "cnid": "1750", "productId": "241", "size": "2 ct box"},
{"thumb": "http://i4.peapod.com/c/KK/KKNHZ.gif", "price": "369", "unit_price": "$12.30/ 100sf", "name": "Reynolds Parchment Cooking Paper 15 Inch Wide", "cnid": "1750", "productId": "112779", "size": "30 sq ft"},
{"thumb": "http://i4.peapod.com/c/KK/KKNHZ.gif", "price": "345", "unit_price": "$.86/ ea", "name": "Reynolds Slow Cooker Liners 13 X 21 Inch", "cnid": "1750", "productId": "138948", "size": "4 ct box"},
{"thumb": "http://i4.peapod.com/c/KK/KKNHZ.gif", "price": "799", "unit_price": "$3.99/ 100sf", "name": "Reynolds Wrap Aluminum Foil", "cnid": "1750", "productId": "232", "size": "200 sq ft"},
{"thumb": "http://i4.peapod.com/c/KK/KKNHZ.gif", "price": "215", "unit_price": "$7.17/ 100sf", "name": "Reynolds Wrap Aluminum Foil", "cnid": "1750", "productId": "230", "size": "30 sq ft"},
{"thumb": "http://i4.peapod.com/c/KK/KKNHZ.gif", "price": "350", "unit_price": "$4.67/ 100sf", "name": "Reynolds Wrap Aluminum Foil", "cnid": "1750", "productId": "231", "size": "75 sq ft"},
{"thumb": "http://i4.peapod.com/c/KK/KKNHZ.gif", "price": "350", "unit_price": "$7.00/ 100sf", "name": "Reynolds Wrap Aluminum Foil Heavy Duty 12 Inch Wide", "cnid": "1750", "productId": "45466", "size": "50 sq ft"},
{"thumb": "http://i4.peapod.com/c/KK/KKNHZ.gif", "price": "549", "unit_price": "$7.32/ 100sf", "name": "Reynolds Wrap Aluminum Foil Heavy Duty 18 Inch", "cnid": "1750", "productId": "234", "size": "75 sq ft"},
{"thumb": "http://i4.peapod.com/c/KK/KKNHZ.gif", "price": "359", "unit_price": "$9.45/ 100sf", "name": "Reynolds Wrap Aluminum Foil Heavy Duty 18 Inch Wide", "cnid": "1750", "productId": "233", "size": "37.5 sq ft"},
{"thumb": "http://i4.peapod.com/c/KK/KKNHZ.gif", "price": "350", "unit_price": "$10.00/ 100sf", "name": "Reynolds Wrap Release Aluminum Foil Non-Stick 12 Inch Wide", "cnid": "1750", "productId": "129899", "size": "35 sq ft"},
{"thumb": "http://i4.peapod.com/c/KK/KKNHZ.gif", "price": "599", "unit_price": "$5.99/ ea", "name": "Rubbermaid MixerMate Bottle 2 Quart", "cnid": "1750", "productId": "62294", "size": "1 ea"},
{"thumb": "http://i4.peapod.com/c/KK/KKNHZ.gif", "price": "219", "unit_price": "$1.10/ 100sf", "name": "Saran Wrap Cling Plus Clear 11 3/4 Inch Wide", "cnid": "1750", "productId": "2353", "size": "200 sq ft"},
{"thumb": "http://i4.peapod.com/c/KK/KKNHZ.gif", "price": "150", "unit_price": "$.38/ ea", "name": "Smart Living Bag Clips", "cnid": "1750", "productId": "161120", "size": "4 ct pkg"},
{"thumb": "http://i4.peapod.com/c/KK/KKNHZ.gif", "price": "524", "unit_price": "$5.24/ ea", "name": "Smart Living Bake & Roast Pan Non-Stick 9 X 13 Inch", "cnid": "1750", "productId": "156018", "size": "1 ct"},
{"thumb": "http://i4.peapod.com/c/KK/KKNHZ.gif", "price": "374", "unit_price": "$3.74/ ea", "name": "Smart Living Brownie Pan Non-Stick 11 X 7 Inch", "cnid": "1750", "productId": "156858", "size": "1 ct"},
{"thumb": "http://i4.peapod.com/c/KK/KKNHZ.gif", "price": "599", "unit_price": "$5.99/ ea", "name": "Smart Living Cake Pan Fluted Non-Stick 9 Inch", "cnid": "1750", "productId": "156855", "size": "1 ct"},
{"thumb": "http://i4.peapod.com/c/KK/KKNHZ.gif", "price": "374", "unit_price": "$3.74/ ea", "name": "Smart Living Cake Pan Round Non-Stick 9 Inch", "cnid": "1750", "productId": "156019", "size": "1 ct"},
{"thumb": "http://i4.peapod.com/c/KK/KKNHZ.gif", "price": "374", "unit_price": "$3.74/ ea", "name": "Smart Living Cake Pan Square Non-Stick 8 X 8 Inch", "cnid": "1750", "productId": "156859", "size": "1 ct"},
{"thumb": "http://i4.peapod.com/c/KK/KKNHZ.gif", "price": "250", "unit_price": "$2.50/ ea", "name": "Smart Living Cheesecloth", "cnid": "1750", "productId": "160306", "size": "1 ct pkg"},
{"thumb": "http://i4.peapod.com/c/KK/KKNHZ.gif", "price": "599", "unit_price": "$5.99/ ea", "name": "Smart Living Cookie Sheet Pan Large Non-Stick 17 X 11 Inch", "cnid": "1750", "productId": "156021", "size": "1 ct"},
{"thumb": "http://i4.peapod.com/c/KK/KKNHZ.gif", "price": "449", "unit_price": "$4.49/ ea", "name": "Smart Living Cookie Sheet Pan Medium Non-Stick 15 X 10 Inch", "cnid": "1750", "productId": "156020", "size": "1 ct"},
{"thumb": "http://i4.peapod.com/c/KK/KKNHZ.gif", "price": "899", "unit_price": "$4.49/ ea", "name": "Smart Living Cooling Rack Set Non-Stick 10 X 16 Inch", "cnid": "1750", "productId": "156861", "size": "2 ct"},
{"thumb": "http://i4.peapod.com/c/KK/KKNHZ.gif", "price": "300", "unit_price": "$3.00/ ea", "name": "Smart Living Corkscrew Wing", "cnid": "1750", "productId": "160311", "size": "1 ea"},
{"thumb": "http://i4.peapod.com/c/KK/KKNHZ.gif", "price": "100", "unit_price": "$.12/ ea", "name": "Smart Living Corn Holders Deluxe", "cnid": "1750", "productId": "154207", "size": "8 ct pkg"},
{"thumb": "http://i4.peapod.com/c/KK/KKNHZ.gif", "price": "300", "unit_price": "$3.00/ ea", "name": "Smart Living Hand Grater Cheese Stainless Steel Blade", "cnid": "1750", "productId": "161123", "size": "1 ct pkg"},
{"thumb": "http://i4.peapod.com/c/KK/KKNHZ.gif", "price": "200", "unit_price": "$2.00/ ea", "name": "Smart Living Kitchen Twine Multipurpose 75 Feet", "cnid": "1750", "productId": "161121", "size": "1 ct pkg"},
{"thumb": "http://i4.peapod.com/c/KK/KKNHZ.gif", "price": "374", "unit_price": "$3.74/ ea", "name": "Smart Living Loaf Pan Large Non-Stick 9 X 5 Inch", "cnid": "1750", "productId": "156860", "size": "1 ct"},
{"thumb": "http://i4.peapod.com/c/KK/KKNHZ.gif", "price": "412", "unit_price": "$4.12/ ea", "name": "Smart Living Muffin Pan Mini Non-Stick 12 Cup", "cnid": "1750", "productId": "156862", "size": "1 ct"},
{"thumb": "http://i4.peapod.com/c/KK/KKNHZ.gif", "price": "599", "unit_price": "$5.99/ ea", "name": "Smart Living Muffin Pan Non-Stick 12 Cup", "cnid": "1750", "productId": "156022", "size": "1 ct"},
{"thumb": "http://i4.peapod.com/c/KK/KKNHZ.gif", "price": "524", "unit_price": "$5.24/ ea", "name": "Smart Living Muffin Pan Texas Non-Stick 6 Cup", "cnid": "1750", "productId": "156857", "size": "1 ea"},
{"thumb": "http://i4.peapod.com/c/KK/KKNHZ.gif", "price": "150", "unit_price": "$.75/ ea", "name": "Smart Living Paring Knife Set Stainless Steel", "cnid": "1750", "productId": "161125", "size": "2 ct pkg"},
{"thumb": "http://i4.peapod.com/c/KK/KKNHZ.gif", "price": "150", "unit_price": "$1.50/ ea", "name": "Smart Living Peeler Swivel with Red Handle", "cnid": "1750", "productId": "160305", "size": "1 ea"},
{"thumb": "http://i4.peapod.com/c/KK/KKNHZ.gif", "price": "337", "unit_price": "$3.37/ ea", "name": "Smart Living Pie Pan Non-Sick 9 Inch", "cnid": "1750", "productId": "156854", "size": "1 ct"},
{"thumb": "http://i4.peapod.com/c/KK/KKNHZ.gif", "price": "449", "unit_price": "$4.49/ ea", "name": "Smart Living Pizza Pan Non-Stick 12 Inch", "cnid": "1750", "productId": "156856", "size": "1 ct"},
{"thumb": "http://i4.peapod.com/c/KK/KKNHZ.gif", "price": "100", "unit_price": "$1.00/ ea", "name": "Smart Living Poly Baster", "cnid": "1750", "productId": "160308", "size": "1 ea"},
{"thumb": "http://i4.peapod.com/c/KK/KKNHZ.gif", "price": "250", "unit_price": "$2.50/ ea", "name": "Smart Living Potato Masher Stainless Steel Head", "cnid": "1750", "productId": "161122", "size": "1 ct pkg"},
{"thumb": "http://i4.peapod.com/c/KK/KKNHZ.gif", "price": "400", "unit_price": "$4.00/ ea", "name": "Smart Living Rolling Pin Wood", "cnid": "1750", "productId": "161113", "size": "1 ct pkg"},
{"thumb": "http://i4.peapod.com/c/KK/KKNHZ.gif", "price": "150", "unit_price": "$1.50/ ea", "name": "Smart Living Salad Tongs Plastic", "cnid": "1750", "productId": "161117", "size": "1 ct pkg"},
{"thumb": "http://i4.peapod.com/c/KK/KKNHZ.gif", "price": "150", "unit_price": "$1.50/ ea", "name": "Smart Living Salt & Pepper Shakers", "cnid": "1750", "productId": "161119", "size": "1 set"},
{"thumb": "http://i4.peapod.com/c/KK/KKNHZ.gif", "price": "300", "unit_price": "$3.00/ ea", "name": "Smart Living Thermometer for Meat & Poultry Nonstick", "cnid": "1750", "productId": "160310", "size": "1 ea"},
{"thumb": "http://i4.peapod.com/c/KK/KKNHZ.gif", "price": "385", "unit_price": "$3.85/ ea", "name": "Smart Living Thermometer Instant Read", "cnid": "1750", "productId": "178818", "size": "1 ct ea"},
{"thumb": "http://i4.peapod.com/c/KK/KKNHZ.gif", "price": "579", "unit_price": "$1.93/ ea", "name": "Sterno Canned Cooking Fuel (each can burns for 45 minutes)", "cnid": "1750", "productId": "88592", "size": "3 ct pkg"},
{"thumb": "http://i4.peapod.com/c/KK/KKNHZ.gif", "price": "699", "unit_price": "$.50/ oz", "name": "Sterno Cooking Fuel (each can burns for 2 1/4 hours) - 2 ct", "cnid": "1750", "productId": "162323", "size": "14 oz pkg"},
{"thumb": "http://i4.peapod.com/c/KK/KKNHZ.gif", "price": "339", "unit_price": "$4.52/ 100sf", "name": "Stop & Shop Aluminum Foil 12 Inch Wide", "cnid": "1750", "productId": "58441", "size": "75 sq ft"},
{"thumb": "http://i4.peapod.com/c/KK/KKNHZ.gif", "price": "825", "unit_price": "$4.12/ 100sf", "name": "Stop & Shop Aluminum Foil 12 Inch Wide", "cnid": "1750", "productId": "58437", "size": "200 sq ft"},
{"thumb": "http://i4.peapod.com/c/KK/KKNHZ.gif", "price": "339", "unit_price": "$6.78/ 100sf", "name": "Stop & Shop Aluminum Foil Heavy Duty", "cnid": "1750", "productId": "125428", "size": "50 sq ft"},
{"thumb": "http://i4.peapod.com/c/KK/KKNHZ.gif", "price": "379", "unit_price": "$.04/ ea", "name": "Stop & Shop Coffee Filters #2 Cone Style Natural", "cnid": "1750", "productId": "148606", "size": "100 ct pkg"},
{"thumb": "http://i4.peapod.com/c/KK/KKNHZ.gif", "price": "379", "unit_price": "$.04/ ea", "name": "Stop & Shop Coffee Filters #4 Cone Style", "cnid": "1750", "productId": "146244", "size": "100 ct pkg"},
{"thumb": "http://i4.peapod.com/c/KK/KKNHZ.gif", "price": "379", "unit_price": "$.04/ ea", "name": "Stop & Shop Coffee Filters #4 Cone Style Unbleached Natural", "cnid": "1750", "productId": "146243", "size": "100 ct pkg"},
{"thumb": "http://i4.peapod.com/c/KK/KKNHZ.gif", "price": "189", "unit_price": "$.01/ ea", "name": "Stop & Shop Coffee Filters Basket Style 1-4 Cup", "cnid": "1750", "productId": "144991", "size": "200 ct pkg"},
{"thumb": "http://i4.peapod.com/c/KK/KKNHZ.gif", "price": "189", "unit_price": "$.01/ ea", "name": "Stop & Shop Coffee Filters Basket Style 8-12 Cup", "cnid": "1750", "productId": "58267", "size": "200 ct pkg"},
{"thumb": "http://i4.peapod.com/c/KK/KKNHZ.gif", "price": "189", "unit_price": "$.01/ ea", "name": "Stop & Shop Coffee Filters Basket Style Natural 8-12 Cup", "cnid": "1750", "productId": "93929", "size": "200 ct pkg"},
{"thumb": "http://i4.peapod.com/c/KK/KKNHZ.gif", "price": "255", "unit_price": "$.51/ ea", "name": "Stop & Shop Containers & Lids Entree Disposable 3 1/8 Cup", "cnid": "1750", "productId": "145195", "size": "5 ct pkg"},
{"thumb": "http://i4.peapod.com/c/KK/KKNHZ.gif", "price": "255", "unit_price": "$.51/ ea", "name": "Stop & Shop Containers & Lids Soup & Salad Disposable 3 Cup", "cnid": "1750", "productId": "145193", "size": "5 ct pkg"},
{"thumb": "http://i4.peapod.com/c/KK/KKNHZ.gif", "price": "200", "unit_price": "$.02/ ea", "name": "Stop & Shop Lunch Bags Brown Paper", "cnid": "1750", "productId": "58672", "size": "100 ct pkg"},
{"thumb": "http://i4.peapod.com/c/KK/KKNHZ.gif", "price": "125", "unit_price": "$.03/ ea", "name": "Stop & Shop Reclosable Bags Snack", "cnid": "1750", "productId": "122550", "size": "50 ct box"},
{"thumb": "http://i4.peapod.com/c/KK/KKNHZ.gif", "price": "300", "unit_price": "$.06/ ea", "name": "Stop & Shop Seal & Lock Double Zipper Food Storage Bags Quart", "cnid": "1750", "productId": "162012", "size": "50 ct box"},
{"thumb": "http://i4.peapod.com/c/KK/KKNHZ.gif", "price": "125", "unit_price": "$.03/ ea", "name": "Stop & Shop Seal & Lock Sandwich Bags", "cnid": "1750", "productId": "162973", "size": "50 ct box"},
{"thumb": "http://i4.peapod.com/c/KK/KKNHZ.gif", "price": "250", "unit_price": "$.03/ ea", "name": "Stop & Shop Seal & Lock Sandwich Bags", "cnid": "1750", "productId": "58677", "size": "100 ct box"},
{"thumb": "http://i4.peapod.com/c/KK/KKNHZ.gif", "price": "300", "unit_price": "$.10/ ea", "name": "Stop & Shop Seal & Lock Storage Bags Double Zipper Freezer Gallon", "cnid": "1750", "productId": "137391", "size": "30 ct box"},
{"thumb": "http://i4.peapod.com/c/KK/KKNHZ.gif", "price": "300", "unit_price": "$.08/ ea", "name": "Stop & Shop Seal & Lock Storage Bags Double Zipper Gallon", "cnid": "1750", "productId": "137389", "size": "40 ct box"},
{"thumb": "http://i4.peapod.com/c/KK/KKNHZ.gif", "price": "229", "unit_price": "$.12/ ea", "name": "Stop & Shop Seal & Lock Storage Bags Gallon", "cnid": "1750", "productId": "58679", "size": "20 ct box"},
{"thumb": "http://i4.peapod.com/c/KK/KKNHZ.gif", "price": "300", "unit_price": "$.08/ ea", "name": "Stop & Shop Seal & Lock Storage Bags Zipper Freezer Quart", "cnid": "1750", "productId": "187122", "size": "40 ct box"},
{"thumb": "http://i4.peapod.com/c/KK/KKNHZ.gif", "price": "99", "unit_price": "$.99/ ea", "name": "Stop & Shop Shopping Bag Reusable Green", "cnid": "1750", "productId": "147993", "size": "1 ea"},
{"thumb": "http://i4.peapod.com/c/KK/KKNHZ.gif", "price": "129", "unit_price": "$1.72/ 100sf", "name": "Stop & Shop Wax Paper 12 Inch Wide", "cnid": "1750", "productId": "58444", "size": "75 sq ft"},
{"thumb": "http://i4.peapod.com/c/KK/KKNHZ.gif", "price": "619", "unit_price": "$1.24/ ea", "name": "Ziploc Big Bags Large 1.25' x 1.25'", "cnid": "1750", "productId": "144281", "size": "5 ct box"},
{"thumb": "http://i4.peapod.com/c/KK/KKNHZ.gif", "price": "619", "unit_price": "$2.06/ ea", "name": "Ziploc Big Bags XXL 2' x 2.7'", "cnid": "1750", "productId": "140215", "size": "3 ct box"},
{"thumb": "http://i4.peapod.com/c/KK/KKNHZ.gif", "price": "459", "unit_price": "$.15/ ea", "name": "Ziploc Freezer Bags Double Zipper Gallon", "cnid": "1750", "productId": "38161", "size": "30 ct box"},
{"thumb": "http://i4.peapod.com/c/KK/KKNHZ.gif", "price": "459", "unit_price": "$.12/ ea", "name": "Ziploc Freezer Bags Double Zipper Heavy Duty Quart", "cnid": "1750", "productId": "2356", "size": "40 ct box"},
{"thumb": "http://i4.peapod.com/c/KK/KKNHZ.gif", "price": "319", "unit_price": "$.53/ ea", "name": "Ziploc Smart Snap Containers Single Serving with Lids 8 oz ea", "cnid": "1750", "productId": "114792", "size": "6 ct pkg"},
{"thumb": "http://i4.peapod.com/c/KK/KKNHZ.gif", "price": "319", "unit_price": "$.64/ ea", "name": "Ziploc Smart Snap Containers Square Small with Lids 20 oz ea", "cnid": "1750", "productId": "101824", "size": "5 ct pkg"},
{"thumb": "http://i4.peapod.com/c/KK/KKNHZ.gif", "price": "319", "unit_price": "$.80/ ea", "name": "Ziploc Smart Snap Containers with Lids Medium Square 32 oz ea", "cnid": "1750", "productId": "102087", "size": "4 ct pkg"},
{"thumb": "http://i4.peapod.com/c/KK/KKNHZ.gif", "price": "300", "unit_price": "$.20/ ea", "name": "Ziploc Smart Zip Slider Freezer Bags Heavy Duty Quart", "cnid": "1750", "productId": "92561", "size": "15 ct box"},
{"thumb": "http://i4.peapod.com/c/KK/KKNHZ.gif", "price": "300", "unit_price": "$.20/ ea", "name": "Ziploc Smart Zip Slider Storage Bags Gallon", "cnid": "1750", "productId": "92562", "size": "15 ct box"},
{"thumb": "http://i4.peapod.com/c/KK/KKNHZ.gif", "price": "219", "unit_price": "$.04/ ea", "name": "Ziploc Snack Bags", "cnid": "1750", "productId": "29325", "size": "50 ct box"},
{"thumb": "http://i4.peapod.com/c/KK/KKNHZ.gif", "price": "459", "unit_price": "$.12/ ea", "name": "Ziploc Storage Bags Double Zipper Gallon", "cnid": "1750", "productId": "30122", "size": "40 ct box"},
{"thumb": "http://i4.peapod.com/c/KK/KKNHZ.gif", "price": "319", "unit_price": "$1.06/ ea", "name": "Ziploc Twist 'n Loc Containers Small Round with Lids 16 oz ea", "cnid": "1750", "productId": "141715", "size": "3 ct pkg"},
{"thumb": "http://i4.peapod.com/c/KK/KKNHZ.gif", "price": "329", "unit_price": "$.41/ ea", "name": "Ziploc Vacuum Freezer Refill Bags Gallon", "cnid": "1750", "productId": "152397", "size": "8 ct box"},
{"thumb": "http://i4.peapod.com/c/KK/KKNHZ.gif", "price": "329", "unit_price": "$.27/ ea", "name": "Ziploc Vacuum Freezer Refill Bags Quart", "cnid": "1750", "productId": "152396", "size": "12 ct box"},
{"thumb": "http://i4.peapod.com/c/KK/KKNHZ.gif", "price": "299", "unit_price": "$.30/ ea", "name": "Ziploc Zip 'n Steam Microwave Steam Cooking Bags Medium", "cnid": "1750", "productId": "146373", "size": "10 ct pkg"},
{"thumb": "http://i4.peapod.com/c/KK/KKNHZ.gif", "price": "1999", "unit_price": "$19.99/ ea", "name": "Hamilton Beach Personal Blender 14 oz Jar Capacity #51101", "cnid": "2037", "productId": "163976", "size": "1 ea"},
{"thumb": "http://i4.peapod.com/c/KK/KKNHZ.gif", "price": "9999", "unit_price": "$99.99/ ea", "name": "Keurig Brewing System Classic", "cnid": "2037", "productId": "157295", "size": "1 ea"},
{"thumb": "http://i4.peapod.com/c/KK/KKNHZ.gif", "price": "1499", "unit_price": "$14.99/ ea", "name": "Proctor Silex Durable Toaster 2-Slice", "cnid": "2037", "productId": "163977", "size": "1 ea"},
{"thumb": "http://i4.peapod.com/c/KK/KKNHZ.gif", "price": "399", "unit_price": "$.16/ yard", "name": "3M Scotch Magic Tape with Dispenser .75 X 300 Inch ea - 3 pk", "cnid": "1734", "productId": "106446", "size": "25 yards"},
{"thumb": "http://i4.peapod.com/c/KK/KKNHZ.gif", "price": "150", "unit_price": "$.08/ yard", "name": "Smart Living Invisible Tape .75 X 650 Inch", "cnid": "1734", "productId": "161696", "size": "18.05 yards"},
{"thumb": "http://i4.peapod.com/c/KK/KKNHZ.gif", "price": "10000", "unit_price": "$100.00/ ea", "name": "$100 Sears Gift Card", "cnid": "2925", "productId": "153196", "size": "1 ea"},
{"thumb": "http://i4.peapod.com/c/KK/KKNHZ.gif", "price": "1500", "unit_price": "$15.00/ ea", "name": "$15 Apple iTunes Gift Card", "cnid": "2925", "productId": "147897", "size": "1 ea"},
{"thumb": "http://i4.peapod.com/c/KK/KKNHZ.gif", "price": "1500", "unit_price": "$15.00/ ea", "name": "$15 Starbucks Gift Card", "cnid": "2925", "productId": "149694", "size": "1 ea"},
{"thumb": "http://i4.peapod.com/c/KK/KKNHZ.gif", "price": "2500", "unit_price": "$25.00/ ea", "name": "$25 Applebee's Gift Card", "cnid": "2925", "productId": "153169", "size": "1 ea"},
{"thumb": "http://i4.peapod.com/c/KK/KKNHZ.gif", "price": "2500", "unit_price": "$25.00/ ea", "name": "$25 Barnes & Noble Gift Card", "cnid": "2925", "productId": "147890", "size": "1 ea"},
{"thumb": "http://i4.peapod.com/c/KK/KKNHZ.gif", "price": "2500", "unit_price": "$25.00/ ea", "name": "$25 Brinker Gift Card (Maggiano's, Chili's, Macaroni Grill, On The Border)", "cnid": "2925", "productId": "147901", "size": "1 ea"},
{"thumb": "http://i4.peapod.com/c/KK/KKNHZ.gif", "price": "2500", "unit_price": "$25.00/ ea", "name": "$25 Home Depot Gift Card", "cnid": "2925", "productId": "147892", "size": "1 ea"},
{"thumb": "http://i4.peapod.com/c/KK/KKNHZ.gif", "price": "2500", "unit_price": "$25.00/ ea", "name": "$25 Kmart Gift Card", "cnid": "2925", "productId": "153187", "size": "1 ea"},
{"thumb": "http://i4.peapod.com/c/KK/KKNHZ.gif", "price": "2500", "unit_price": "$25.00/ ea", "name": "$25 Kohl's Gift Card", "cnid": "2925", "productId": "147906", "size": "1 ea"},
{"thumb": "http://i4.peapod.com/c/KK/KKNHZ.gif", "price": "2500", "unit_price": "$25.00/ ea", "name": "$25 Olive Garden Gift Card", "cnid": "2925", "productId": "147894", "size": "1 ea"},
{"thumb": "http://i4.peapod.com/c/KK/KKNHZ.gif", "price": "2500", "unit_price": "$25.00/ ea", "name": "$25 Outback Gift Card", "cnid": "2925", "productId": "147899", "size": "1 ea"},
{"thumb": "http://i4.peapod.com/c/KK/KKNHZ.gif", "price": "2500", "unit_price": "$25.00/ ea", "name": "$25 PF Chang's China Bistro Gift Card", "cnid": "2925", "productId": "153192", "size": "1 ea"},
{"thumb": "http://i4.peapod.com/c/KK/KKNHZ.gif", "price": "2500", "unit_price": "$25.00/ ea", "name": "$25 Red Lobster Gift Card", "cnid": "2925", "productId": "147903", "size": "1 ea"},
{"thumb": "http://i4.peapod.com/c/KK/KKNHZ.gif", "price": "2500", "unit_price": "$25.00/ ea", "name": "$25 Starbucks Gift Card", "cnid": "2925", "productId": "149695", "size": "1 ea"},
{"thumb": "http://i4.peapod.com/c/KK/KKNHZ.gif", "price": "2500", "unit_price": "$25.00/ ea", "name": "$25 T.G.I. Friday's Gift Card", "cnid": "2925", "productId": "147957", "size": "1 ea"},
{"thumb": "http://i4.peapod.com/c/KK/KKNHZ.gif", "price": "5000", "unit_price": "$50.00/ ea", "name": "$50 Barnes & Noble Gift Card", "cnid": "2925", "productId": "147891", "size": "1 ea"},
{"thumb": "http://i4.peapod.com/c/KK/KKNHZ.gif", "price": "5000", "unit_price": "$50.00/ ea", "name": "$50 Bed Bath & Beyond Gift Card", "cnid": "2925", "productId": "153202", "size": "1 ea"},
{"thumb": "http://i4.peapod.com/c/KK/KKNHZ.gif", "price": "5000", "unit_price": "$50.00/ ea", "name": "$50 Cabela's Gift Card", "cnid": "2925", "productId": "153183", "size": "1 ea"},
{"thumb": "http://i4.peapod.com/c/KK/KKNHZ.gif", "price": "5000", "unit_price": "$50.00/ ea", "name": "$50 Home Depot Gift Card", "cnid": "2925", "productId": "147893", "size": "1 ea"},
{"thumb": "http://i4.peapod.com/c/KK/KKNHZ.gif", "price": "5000", "unit_price": "$50.00/ ea", "name": "$50 Kohl's Gift Card", "cnid": "2925", "productId": "149823", "size": "1 ea"},
{"thumb": "http://i4.peapod.com/c/KK/KKNHZ.gif", "price": "5000", "unit_price": "$50.00/ ea", "name": "$50 Lands' End Gift Card", "cnid": "2925", "productId": "153190", "size": "1 ea"},
{"thumb": "http://i4.peapod.com/c/KK/KKNHZ.gif", "price": "5000", "unit_price": "$50.00/ ea", "name": "$50 Legal Seafood Gift Card", "cnid": "2925", "productId": "155175", "size": "1 ea"},
{"thumb": "http://i4.peapod.com/c/KK/KKNHZ.gif", "price": "5000", "unit_price": "$50.00/ ea", "name": "$50 Outback Gift Card", "cnid": "2925", "productId": "147900", "size": "1 ea"},
{"thumb": "http://i4.peapod.com/c/KK/KKNHZ.gif", "price": "339", "unit_price": "$3.39/ ea", "name": "Duraflame AnyTime Firelog", "cnid": "1733", "productId": "4253", "size": "3 lb log"},
{"thumb": "http://i4.peapod.com/c/KK/KKNHZ.gif", "price": "1899", "unit_price": "$3.16/ ea", "name": "Duraflame AnyTime Firelogs All Natural 3 lbs ea - 6 ct", "cnid": "1733", "productId": "4252", "size": "18 lb box"},
{"thumb": "http://i4.peapod.com/c/KK/KKNHZ.gif", "price": "519", "unit_price": "$5.19/ ea", "name": "Duraflame Colorlog Firelog - 1 ct", "cnid": "1733", "productId": "156222", "size": "5 lb log"},
{"thumb": "http://i4.peapod.com/c/KK/KKNHZ.gif", "price": "2799", "unit_price": "$4.66/ ea", "name": "Duraflame Colorlog Firelogs 5 lb ea - 6 ct", "cnid": "1733", "productId": "125580", "size": "30 lb box"},
{"thumb": "http://i4.peapod.com/c/KK/KKNHZ.gif", "price": "519", "unit_price": "$5.19/ ea", "name": "Duraflame Crackleflame Firelog", "cnid": "1733", "productId": "113954", "size": "5 lb log"},
{"thumb": "http://i4.peapod.com/c/KK/KKNHZ.gif", "price": "2799", "unit_price": "$4.66/ ea", "name": "Duraflame Crackleflame Firelogs 5 lb ea - 6 ct", "cnid": "1733", "productId": "121623", "size": "30 lb box"},
{"thumb": "http://i4.peapod.com/c/KK/KKNHZ.gif", "price": "1049", "unit_price": "$.87/ ea", "name": "Duraflame Firestart Firelighters - 12 ct", "cnid": "1733", "productId": "156220", "size": "5.25 lb pkg"},
{"thumb": "http://i4.peapod.com/c/KK/KKNHZ.gif", "price": "1149", "unit_price": "$3.83/ ea", "name": "Duraflame Stax Firelogs 1 bundle - 3 ct", "cnid": "1733", "productId": "156219", "size": "10.8 lb pkg"},
{"thumb": "http://i4.peapod.com/c/KK/KKNHZ.gif", "price": "519", "unit_price": "$5.19/ ea", "name": "Duraflame XtraTime Firelog", "cnid": "1733", "productId": "18608", "size": "6 lb log"},
{"thumb": "http://i4.peapod.com/c/KK/KKNHZ.gif", "price": "2799", "unit_price": "$4.66/ ea", "name": "Duraflame XtraTime Firelogs 6 lb ea - 6 ct", "cnid": "1733", "productId": "21975", "size": "36 lb box"},
{"thumb": "http://i4.peapod.com/c/KK/KKNHZ.gif", "price": "1999", "unit_price": "$3.33/ ea", "name": "Enviro-Log Firelogs Earth Friendly & 100% Recycled 5 lbs ea - 6 ct", "cnid": "1733", "productId": "156218", "size": "30 lb box"},
{"thumb": "http://i4.peapod.com/c/KK/KKNHZ.gif", "price": "600", "unit_price": "$6.00/ ea", "name": "Firewood Bundle 3/4 Cubic Feet", "cnid": "1733", "productId": "72437", "size": "1 bundle"},
{"thumb": "http://i4.peapod.com/c/KK/KKNHZ.gif", "price": "1499", "unit_price": "$2.50/ ea", "name": "Stop & Shop Firelogs 2-Hour", "cnid": "1733", "productId": "156224", "size": "6 ct pkg"},
{"thumb": "http://i4.peapod.com/c/KK/KKNHZ.gif", "price": "2299", "unit_price": "$3.83/ ea", "name": "Stop & Shop Firelogs 3 lb ea - 6 ct", "cnid": "1733", "productId": "72362", "size": "18 lb box"},
{"thumb": "http://i4.peapod.com/c/KK/KKNHZ.gif", "price": "1299", "unit_price": "$.54/ ea", "name": "Stop & Shop Firestarts", "cnid": "1733", "productId": "156223", "size": "24 ct box"},
{"thumb": "http://i4.peapod.com/c/KK/KKNHZ.gif", "price": "599", "unit_price": "$5.99/ ea", "name": "Better Home & Gardens Kitchen & Bath Ideas Magazine", "cnid": "1744", "productId": "89041", "size": "1 ea"},
{"thumb": "http://i4.peapod.com/c/KK/KKNHZ.gif", "price": "399", "unit_price": "$3.99/ ea", "name": "Better Homes & Gardens Magazine", "cnid": "1744", "productId": "25024", "size": "1 ea"},
{"thumb": "http://i4.peapod.com/c/KK/KKNHZ.gif", "price": "399", "unit_price": "$3.99/ ea", "name": "Car & Driver Magazine", "cnid": "1744", "productId": "39218", "size": "1 ea"},
{"thumb": "http://i4.peapod.com/c/KK/KKNHZ.gif", "price": "499", "unit_price": "$4.99/ ea", "name": "Cooking Light Magazine", "cnid": "1744", "productId": "40549", "size": "1 ea"},
{"thumb": "http://i4.peapod.com/c/KK/KKNHZ.gif", "price": "499", "unit_price": "$4.99/ ea", "name": "Cooking with Paula Deen Magazine", "cnid": "1744", "productId": "162149", "size": "1 ea"},
{"thumb": "http://i4.peapod.com/c/KK/KKNHZ.gif", "price": "595", "unit_price": "$5.95/ ea", "name": "Cooks Illustrated Magazine", "cnid": "1744", "productId": "162150", "size": "1 ea"},
{"thumb": "http://i4.peapod.com/c/KK/KKNHZ.gif", "price": "499", "unit_price": "$4.99/ ea", "name": "Cycle World Magazine", "cnid": "1744", "productId": "162152", "size": "1 ea"},
{"thumb": "http://i4.peapod.com/c/KK/KKNHZ.gif", "price": "599", "unit_price": "$5.99/ ea", "name": "Discover Magazine", "cnid": "1744", "productId": "162153", "size": "1 ea"},
{"thumb": "http://i4.peapod.com/c/KK/KKNHZ.gif", "price": "399", "unit_price": "$3.99/ ea", "name": "Elle Magazine", "cnid": "1744", "productId": "25027", "size": "1 ea"},
{"thumb": "http://i4.peapod.com/c/KK/KKNHZ.gif", "price": "399", "unit_price": "$3.99/ ea", "name": "Essence Magazine", "cnid": "1744", "productId": "25032", "size": "1 ea"},
{"thumb": "http://i4.peapod.com/c/KK/KKNHZ.gif", "price": "399", "unit_price": "$3.99/ ea", "name": "Every Day with Rachael Ray", "cnid": "1744", "productId": "187036", "size": "1 ea"},
{"thumb": "http://i4.peapod.com/c/KK/KKNHZ.gif", "price": "199", "unit_price": "$1.99/ ea", "name": "Family Circle Magazine", "cnid": "1744", "productId": "25034", "size": "1 ea"},
{"thumb": "http://i4.peapod.com/c/KK/KKNHZ.gif", "price": "499", "unit_price": "$4.99/ ea", "name": "Favorite Recipes Magazine", "cnid": "1744", "productId": "130440", "size": "1 ea"},
{"thumb": "http://i4.peapod.com/c/KK/KKNHZ.gif", "price": "695", "unit_price": "$6.95/ ea", "name": "Fine Cooking Magazine", "cnid": "1744", "productId": "162154", "size": "1 ea"},
{"thumb": "http://i4.peapod.com/c/KK/KKNHZ.gif", "price": "249", "unit_price": "$2.49/ ea", "name": "First For Women Magazine", "cnid": "1744", "productId": "25061", "size": "1 ea"},
{"thumb": "http://i4.peapod.com/c/KK/KKNHZ.gif", "price": "350", "unit_price": "$3.50/ ea", "name": "Fitness Magazine", "cnid": "1744", "productId": "41113", "size": "1 ea"},
{"thumb": "http://i4.peapod.com/c/KK/KKNHZ.gif", "price": "399", "unit_price": "$3.99/ ea", "name": "Glamour Magazine", "cnid": "1744", "productId": "25014", "size": "1 ea"},
{"thumb": "http://i4.peapod.com/c/KK/KKNHZ.gif", "price": "250", "unit_price": "$2.50/ ea", "name": "Good Housekeeping Magazine", "cnid": "1744", "productId": "25038", "size": "1 ea"},
{"thumb": "http://i4.peapod.com/c/KK/KKNHZ.gif", "price": "499", "unit_price": "$4.99/ ea", "name": "In Style Magazine", "cnid": "1744", "productId": "41112", "size": "1 ea"},
{"thumb": "http://i4.peapod.com/c/KK/KKNHZ.gif", "price": "299", "unit_price": "$2.99/ ea", "name": "In Touch Weekly Magazine", "cnid": "1744", "productId": "130589", "size": "1 ea"},
{"thumb": "http://i4.peapod.com/c/KK/KKNHZ.gif", "price": "249", "unit_price": "$2.49/ ea", "name": "Ladies' Home Journal Magazine", "cnid": "1744", "productId": "25025", "size": "1 ea"},
{"thumb": "http://i4.peapod.com/c/KK/KKNHZ.gif", "price": "350", "unit_price": "$3.50/ ea", "name": "Marie Claire Magazine", "cnid": "1744", "productId": "73803", "size": "1 ea"},
{"thumb": "http://i4.peapod.com/c/KK/KKNHZ.gif", "price": "499", "unit_price": "$4.99/ ea", "name": "Martha Stewart Living Magazine", "cnid": "1744", "productId": "25023", "size": "1 ea"},
{"thumb": "http://i4.peapod.com/c/KK/KKNHZ.gif", "price": "595", "unit_price": "$5.95/ ea", "name": "Men's Workout Magazine", "cnid": "1744", "productId": "49579", "size": "1 ea"},
{"thumb": "http://i4.peapod.com/c/KK/KKNHZ.gif", "price": "450", "unit_price": "$4.50/ ea", "name": "O, The Oprah Magazine", "cnid": "1744", "productId": "117761", "size": "1 ea"},
{"thumb": "http://i4.peapod.com/c/KK/KKNHZ.gif", "price": "349", "unit_price": "$3.49/ ea", "name": "OK! Magazine", "cnid": "1744", "productId": "157285", "size": "1 ea"},
{"thumb": "http://i4.peapod.com/c/KK/KKNHZ.gif", "price": "295", "unit_price": "$2.95/ ea", "name": "Parents Magazine", "cnid": "1744", "productId": "25039", "size": "1 ea"},
{"thumb": "http://i4.peapod.com/c/KK/KKNHZ.gif", "price": "399", "unit_price": "$3.99/ ea", "name": "People Magazine", "cnid": "1744", "productId": "25001", "size": "1 ea"},
{"thumb": "http://i4.peapod.com/c/KK/KKNHZ.gif", "price": "399", "unit_price": "$3.99/ ea", "name": "People Style Watch Magazine", "cnid": "1744", "productId": "187035", "size": "1 ea"},
{"thumb": "http://i4.peapod.com/c/KK/KKNHZ.gif", "price": "399", "unit_price": "$3.99/ ea", "name": "Popular Science Magazine", "cnid": "1744", "productId": "60712", "size": "1 ea"},
{"thumb": "http://i4.peapod.com/c/KK/KKNHZ.gif", "price": "399", "unit_price": "$3.99/ ea", "name": "Reader's Digest Magazine", "cnid": "1744", "productId": "25299", "size": "1 ea"},
{"thumb": "http://i4.peapod.com/c/KK/KKNHZ.gif", "price": "499", "unit_price": "$4.99/ ea", "name": "Real Simple Magazine", "cnid": "1744", "productId": "118181", "size": "1 ea"},
{"thumb": "http://i4.peapod.com/c/KK/KKNHZ.gif", "price": "500", "unit_price": "$5.00/ ea", "name": "Saveur Magazine", "cnid": "1744", "productId": "118225", "size": "1 ea"},
{"thumb": "http://i4.peapod.com/c/KK/KKNHZ.gif", "price": "399", "unit_price": "$3.99/ ea", "name": "Soap Opera Digest Magazine", "cnid": "1744", "productId": "39131", "size": "1 ea"},
{"thumb": "http://i4.peapod.com/c/KK/KKNHZ.gif", "price": "299", "unit_price": "$2.99/ ea", "name": "Soap Opera Weekly Periodical", "cnid": "1744", "productId": "38455", "size": "1 ea"},
{"thumb": "http://i4.peapod.com/c/KK/KKNHZ.gif", "price": "399", "unit_price": "$3.99/ ea", "name": "Star Magazine", "cnid": "1744", "productId": "25063", "size": "1 ea"},
{"thumb": "http://i4.peapod.com/c/KK/KKNHZ.gif", "price": "359", "unit_price": "$3.59/ ea", "name": "The National Enquirer Weekly News Periodical", "cnid": "1744", "productId": "25052", "size": "1 ea"},
{"thumb": "http://i4.peapod.com/c/KK/KKNHZ.gif", "price": "495", "unit_price": "$4.95/ ea", "name": "TIME Magazine", "cnid": "1744", "productId": "25071", "size": "1 ea"},
{"thumb": "http://i4.peapod.com/c/KK/KKNHZ.gif", "price": "400", "unit_price": "$4.00/ ea", "name": "Town & Country Magazine", "cnid": "1744", "productId": "90916", "size": "1 ea"},
{"thumb": "http://i4.peapod.com/c/KK/KKNHZ.gif", "price": "349", "unit_price": "$3.49/ ea", "name": "US Weekly Magazine", "cnid": "1744", "productId": "25002", "size": "1 ea"},
{"thumb": "http://i4.peapod.com/c/KK/KKNHZ.gif", "price": "495", "unit_price": "$4.95/ ea", "name": "Vogue Magazine", "cnid": "1744", "productId": "25016", "size": "1 ea"},
{"thumb": "http://i4.peapod.com/c/KK/KKNHZ.gif", "price": "499", "unit_price": "$4.99/ ea", "name": "Wired Magazine", "cnid": "1744", "productId": "25055", "size": "1 ea"},
{"thumb": "http://i4.peapod.com/c/KK/KKNHZ.gif", "price": "499", "unit_price": "$4.99/ ea", "name": "Woman's Day Magazine", "cnid": "1744", "productId": "25040", "size": "1 ea"},
{"thumb": "http://i4.peapod.com/c/KK/KKNHZ.gif", "price": "149", "unit_price": "$1.49/ ea", "name": "Woman's World Weekly Magazine", "cnid": "1744", "productId": "41111", "size": "1 ea"},
{"thumb": "http://i4.peapod.com/c/KK/KKNHZ.gif", "price": "399", "unit_price": "$.16/ yard", "name": "3M Scotch Magic Tape with Dispenser .75 X 300 Inch ea - 3 pk", "cnid": "1676", "productId": "106446", "size": "25 yards"},
{"thumb": "http://i4.peapod.com/c/KK/KKNHZ.gif", "price": "349", "unit_price": "$.16/ yard", "name": "3M Scotch Packaging Tape High Performance Clear w/Dispenser 2 X 800 Inch", "cnid": "1676", "productId": "28041", "size": "22.2 yards"},
{"thumb": "http://i4.peapod.com/c/KK/KKNHZ.gif", "price": "319", "unit_price": "$.14/ yard", "name": "3M Scotch Packaging Tape with Dispenser Tan 2 X 800 Inch", "cnid": "1676", "productId": "135152", "size": "22.2 yards"},
{"thumb": "http://i4.peapod.com/c/KK/KKNHZ.gif", "price": "499", "unit_price": "$.20/ ea", "name": "Armor All Cleaning Wipes", "cnid": "1676", "productId": "130642", "size": "25 ct pkg"},
{"thumb": "http://i4.peapod.com/c/KK/KKNHZ.gif", "price": "499", "unit_price": "$.20/ ea", "name": "Armor All Protectant Wipes", "cnid": "1676", "productId": "130645", "size": "25 ct pkg"},
{"thumb": "http://i4.peapod.com/c/KK/KKNHZ.gif", "price": "399", "unit_price": "$.20/ ea", "name": "CareOne Filter Face Masks", "cnid": "1676", "productId": "156298", "size": "20 ct pkg"},
{"thumb": "http://i4.peapod.com/c/KK/KKNHZ.gif", "price": "299", "unit_price": "$.60/ ea", "name": "CareOne Filter Face Masks", "cnid": "1676", "productId": "156359", "size": "5 ct pkg"},
{"thumb": "http://i4.peapod.com/c/KK/KKNHZ.gif", "price": "585", "unit_price": "$.18/ oz", "name": "Citgo Supergard Motor Oil 10w-40", "cnid": "1676", "productId": "96966", "size": "1 quart"},
{"thumb": "http://i4.peapod.com/c/KK/KKNHZ.gif", "price": "585", "unit_price": "$.18/ oz", "name": "Citgo Supergard Motor Oil 5w-30", "cnid": "1676", "productId": "102321", "size": "1 quart"},
{"thumb": "http://i4.peapod.com/c/KK/KKNHZ.gif", "price": "649", "unit_price": "$3.24/ ea", "name": "Duracell Coppertop Alkaline Batteries 9 Volt", "cnid": "1676", "productId": "5484", "size": "2 ct pkg"},
{"thumb": "http://i4.peapod.com/c/KK/KKNHZ.gif", "price": "479", "unit_price": "$1.20/ ea", "name": "Duracell Coppertop Alkaline Batteries Size AA", "cnid": "1676", "productId": "5486", "size": "4 ct pkg"},
{"thumb": "http://i4.peapod.com/c/KK/KKNHZ.gif", "price": "649", "unit_price": "$.81/ ea", "name": "Duracell Coppertop Alkaline Batteries Size AA", "cnid": "1676", "productId": "5488", "size": "8 ct pkg"},
{"thumb": "http://i4.peapod.com/c/KK/KKNHZ.gif", "price": "1399", "unit_price": "$.87/ ea", "name": "Duracell Coppertop Alkaline Batteries Size AA", "cnid": "1676", "productId": "157282", "size": "16 ct pkg"},
{"thumb": "http://i4.peapod.com/c/KK/KKNHZ.gif", "price": "479", "unit_price": "$1.20/ ea", "name": "Duracell Coppertop Alkaline Batteries Size AAA", "cnid": "1676", "productId": "61454", "size": "4 ct pkg"},
{"thumb": "http://i4.peapod.com/c/KK/KKNHZ.gif", "price": "1399", "unit_price": "$.87/ ea", "name": "Duracell Coppertop Alkaline Batteries Size AAA", "cnid": "1676", "productId": "160600", "size": "16 ct pkg"},
{"thumb": "http://i4.peapod.com/c/KK/KKNHZ.gif", "price": "649", "unit_price": "$1.62/ ea", "name": "Duracell Coppertop Alkaline Batteries Size C", "cnid": "1676", "productId": "5487", "size": "4 ct pkg"},
{"thumb": "http://i4.peapod.com/c/KK/KKNHZ.gif", "price": "529", "unit_price": "$2.64/ ea", "name": "Duracell Coppertop Alkaline Batteries Size C", "cnid": "1676", "productId": "5482", "size": "2 ct pkg"},
{"thumb": "http://i4.peapod.com/c/KK/KKNHZ.gif", "price": "529", "unit_price": "$2.64/ ea", "name": "Duracell Coppertop Alkaline Batteries Size D", "cnid": "1676", "productId": "5481", "size": "2 ct pkg"},
{"thumb": "http://i4.peapod.com/c/KK/KKNHZ.gif", "price": "649", "unit_price": "$1.62/ ea", "name": "Duracell Coppertop Alkaline Batteries Size D4", "cnid": "1676", "productId": "29477", "size": "4 ct pkg"},
{"thumb": "http://i4.peapod.com/c/KK/KKNHZ.gif", "price": "635", "unit_price": "$1.59/ ea", "name": "Duracell Ultra Alkaline Batteries Size AA", "cnid": "1676", "productId": "102460", "size": "4 ct pkg"},
{"thumb": "http://i4.peapod.com/c/KK/KKNHZ.gif", "price": "1069", "unit_price": "$1.34/ ea", "name": "Duracell Ultra Digital Batteries Size AA", "cnid": "1676", "productId": "147790", "size": "8 ct pkg"},
{"thumb": "http://i4.peapod.com/c/KK/KKNHZ.gif", "price": "159", "unit_price": "$.40/ oz", "name": "Elmer's School Glue Washable", "cnid": "1676", "productId": "2405", "size": "4 oz btl"},
{"thumb": "http://i4.peapod.com/c/KK/KKNHZ.gif", "price": "499", "unit_price": "$2.49/ ea", "name": "Energizer e2 Lithium Batteries Size AA", "cnid": "1676", "productId": "139299", "size": "2 ct pkg"},
{"thumb": "http://i4.peapod.com/c/KK/KKNHZ.gif", "price": "699", "unit_price": "$1.75/ ea", "name": "Energizer e2 Lithium Batteries Size AA", "cnid": "1676", "productId": "140955", "size": "4 ct pkg"},
{"thumb": "http://i4.peapod.com/c/KK/KKNHZ.gif", "price": "999", "unit_price": "$9.99/ ea", "name": "Energizer e2 Lithium Photo Battery CRV3", "cnid": "1676", "productId": "140957", "size": "1 ea pkg"},
{"thumb": "http://i4.peapod.com/c/KK/KKNHZ.gif", "price": "899", "unit_price": "$4.49/ ea", "name": "Energizer Max Batteries Size 9 Volt", "cnid": "1676", "productId": "4043", "size": "2 ct pkg"},
{"thumb": "http://i4.peapod.com/c/KK/KKNHZ.gif", "price": "699", "unit_price": "$1.16/ ea", "name": "Energizer Max Batteries Size AA", "cnid": "1676", "productId": "157283", "size": "6 ct pkg"},
{"thumb": "http://i4.peapod.com/c/KK/KKNHZ.gif", "price": "1099", "unit_price": "$.69/ ea", "name": "Energizer Max Batteries Size AA", "cnid": "1676", "productId": "140958", "size": "16 ct pkg"},
{"thumb": "http://i4.peapod.com/c/KK/KKNHZ.gif", "price": "799", "unit_price": "$1.00/ ea", "name": "Energizer Max Batteries Size AA", "cnid": "1676", "productId": "4042", "size": "8 ct pkg"},
{"thumb": "http://i4.peapod.com/c/KK/KKNHZ.gif", "price": "479", "unit_price": "$1.20/ ea", "name": "Energizer Max Batteries Size AA", "cnid": "1676", "productId": "4032", "size": "4 ct pkg"},
{"thumb": "http://i4.peapod.com/c/KK/KKNHZ.gif", "price": "1099", "unit_price": "$.69/ ea", "name": "Energizer Max Batteries Size AAA", "cnid": "1676", "productId": "140959", "size": "16 ct pkg"},
{"thumb": "http://i4.peapod.com/c/KK/KKNHZ.gif", "price": "479", "unit_price": "$1.20/ ea", "name": "Energizer Max Batteries Size AAA", "cnid": "1676", "productId": "4045", "size": "4 ct pkg"},
{"thumb": "http://i4.peapod.com/c/KK/KKNHZ.gif", "price": "899", "unit_price": "$2.25/ ea", "name": "Energizer Max Batteries Size C", "cnid": "1676", "productId": "71081", "size": "4 ct pkg"},
{"thumb": "http://i4.peapod.com/c/KK/KKNHZ.gif", "price": "899", "unit_price": "$2.25/ ea", "name": "Energizer Max Batteries Size D", "cnid": "1676", "productId": "71082", "size": "4 ct pkg"},
{"thumb": "http://i4.peapod.com/c/KK/KKNHZ.gif", "price": "799", "unit_price": "$7.99/ ea", "name": "Energizer Photo Lithium Battery Size 3 Volt - EL123", "cnid": "1676", "productId": "35946", "size": "1 ct pkg"},
{"thumb": "http://i4.peapod.com/c/KK/KKNHZ.gif", "price": "315", "unit_price": "$.07/ ea", "name": "Helping Hand Picture Hangers Assorted", "cnid": "1676", "productId": "117374", "size": "48 ct pkg"},
{"thumb": "http://i4.peapod.com/c/KK/KKNHZ.gif", "price": "249", "unit_price": "$22.64/ oz", "name": "Krazy Glue Instant All Purpose Pen", "cnid": "1676", "productId": "138866", "size": ".106 oz pkg"},
{"thumb": "http://i4.peapod.com/c/KK/KKNHZ.gif", "price": "269", "unit_price": "$.90/ ea", "name": "Little Trees Hanging Paper Car Air Fresheners Royal Pine Mini", "cnid": "1676", "productId": "118368", "size": "3 ct pkg"},
{"thumb": "http://i4.peapod.com/c/KK/KKNHZ.gif", "price": "269", "unit_price": "$.90/ ea", "name": "Little Trees Hanging Paper Car Air Fresheners Vanillaroma Mini", "cnid": "1676", "productId": "127034", "size": "3 ct pkg"},
{"thumb": "http://i4.peapod.com/c/KK/KKNHZ.gif", "price": "449", "unit_price": "$2.24/ ea", "name": "Playtex Living Gloves Drip-Catch Cuff Large - 1 pair", "cnid": "1676", "productId": "15379", "size": "2 gloves"},
{"thumb": "http://i4.peapod.com/c/KK/KKNHZ.gif", "price": "449", "unit_price": "$2.24/ ea", "name": "Playtex Living Gloves Drip-Catch Cuff Medium - 1 pair", "cnid": "1676", "productId": "45415", "size": "2 gloves"},
{"thumb": "http://i4.peapod.com/c/KK/KKNHZ.gif", "price": "375", "unit_price": "$1.88/ ea", "name": "Smart Living Alkaline Batteries 9 Volt", "cnid": "1676", "productId": "140240", "size": "2 ct pkg"},
{"thumb": "http://i4.peapod.com/c/KK/KKNHZ.gif", "price": "1549", "unit_price": "$.64/ ea", "name": "Smart Living Alkaline Batteries Size AA", "cnid": "1676", "productId": "144890", "size": "24 ct pkg"},
{"thumb": "http://i4.peapod.com/c/KK/KKNHZ.gif", "price": "320", "unit_price": "$.40/ ea", "name": "Smart Living Alkaline Batteries Size AA", "cnid": "1676", "productId": "140372", "size": "8 ct pkg"},
{"thumb": "http://i4.peapod.com/c/KK/KKNHZ.gif", "price": "320", "unit_price": "$.40/ ea", "name": "Smart Living Alkaline Batteries Size AAA", "cnid": "1676", "productId": "140373", "size": "8 ct pkg"},
{"thumb": "http://i4.peapod.com/c/KK/KKNHZ.gif", "price": "375", "unit_price": "$.94/ ea", "name": "Smart Living Alkaline Batteries Size C", "cnid": "1676", "productId": "139880", "size": "4 ct pkg"},
{"thumb": "http://i4.peapod.com/c/KK/KKNHZ.gif", "price": "375", "unit_price": "$.94/ ea", "name": "Smart Living Alkaline Batteries Size D", "cnid": "1676", "productId": "139879", "size": "4 ct pkg"},
{"thumb": "http://i4.peapod.com/c/KK/KKNHZ.gif", "price": "119", "unit_price": "$.40/ ea", "name": "Smart Living Glue Sticks Purple", "cnid": "1676", "productId": "163243", "size": "3 ct pkg"},
{"thumb": "http://i4.peapod.com/c/KK/KKNHZ.gif", "price": "799", "unit_price": "$7.99/ ea", "name": "Smart Living Grounded Power Strip 6-Outlet Indoor White 3 Feet", "cnid": "1676", "productId": "173389", "size": "1 ct pkg"},
{"thumb": "http://i4.peapod.com/c/KK/KKNHZ.gif", "price": "150", "unit_price": "$.08/ yard", "name": "Smart Living Invisible Tape .75 X 650 Inch", "cnid": "1676", "productId": "161696", "size": "18.05 yards"},
{"thumb": "http://i4.peapod.com/c/KK/KKNHZ.gif", "price": "99", "unit_price": "$.99/ ea", "name": "Smart Living Light Bulb 3 Way Soft White 50/100/150 Watt", "cnid": "1676", "productId": "58344", "size": "1 ct pkg"},
{"thumb": "http://i4.peapod.com/c/KK/KKNHZ.gif", "price": "99", "unit_price": "$.25/ ea", "name": "Smart Living Light Bulb Soft White 40 Watt", "cnid": "1676", "productId": "58343", "size": "4 ct pkg"},
{"thumb": "http://i4.peapod.com/c/KK/KKNHZ.gif", "price": "99", "unit_price": "$.25/ ea", "name": "Smart Living Light Bulb Soft White 60 Watt", "cnid": "1676", "productId": "82305", "size": "4 ct pkg"},
{"thumb": "http://i4.peapod.com/c/KK/KKNHZ.gif", "price": "599", "unit_price": "$.06/ yard", "name": "Smart Living Mailing & Storage Tape 1.89 Inch X 47.5 yards - 2 pk", "cnid": "1676", "productId": "167170", "size": "95 yards"},
{"thumb": "http://i4.peapod.com/c/KK/KKNHZ.gif", "price": "249", "unit_price": "$.14/ yard", "name": "Smart Living Mailing Tape with Dispenser .75 X 650 Inch", "cnid": "1676", "productId": "162577", "size": "18.05 yards"},
{"thumb": "http://i4.peapod.com/c/KK/KKNHZ.gif", "price": "249", "unit_price": "$.09/ yard", "name": "Smart Living Mailing Tape with Dispenser 2 X 1000 Inch", "cnid": "1676", "productId": "161699", "size": "27.8 yards"},
{"thumb": "http://i4.peapod.com/c/KK/KKNHZ.gif", "price": "399", "unit_price": "$.07/ yard", "name": "Smart Living Packing Tape Refill 1.89 Inch X 1980 Inch", "cnid": "1676", "productId": "167171", "size": "55 yards"},
{"thumb": "http://i4.peapod.com/c/KK/KKNHZ.gif", "price": "99", "unit_price": "$.25/ oz", "name": "Smart Living School Glue Washable", "cnid": "1676", "productId": "163244", "size": "4 oz btl"},
{"thumb": "http://i4.peapod.com/c/KK/KKNHZ.gif", "price": "249", "unit_price": "$.02/ oz", "name": "Smart Living Windshield Washer", "cnid": "1676", "productId": "119780", "size": "1 gal"},
{"thumb": "http://i4.peapod.com/c/KK/KKNHZ.gif", "price": "389", "unit_price": "$.12/ oz", "name": "Stop & Shop Motor Oil 10W-30", "cnid": "1676", "productId": "162174", "size": "1 quart"},
{"thumb": "http://i4.peapod.com/c/KK/KKNHZ.gif", "price": "389", "unit_price": "$.12/ oz", "name": "Stop & Shop Motor Oil 10W-40", "cnid": "1676", "productId": "162175", "size": "1 quart"},
{"thumb": "http://i4.peapod.com/c/KK/KKNHZ.gif", "price": "389", "unit_price": "$.12/ oz", "name": "Stop & Shop Motor Oil 5W-30", "cnid": "1676", "productId": "162176", "size": "1 quart"},
{"thumb": "http://i4.peapod.com/c/KK/KKNHZ.gif", "price": "449", "unit_price": "$4.49/ ea", "name": "Royal Crest Shower Liner Clear 70 X 72 Inch", "cnid": "2049", "productId": "90038", "size": "1 ct pkg"},
{"thumb": "http://i4.peapod.com/c/KK/KKNHZ.gif", "price": "799", "unit_price": "$2.00/ oz", "name": "Angostura Bitters Aromatic", "cnid": "17", "productId": "31659", "size": "4 oz btl"},
{"thumb": "http://i4.peapod.com/c/KK/KKNHZ.gif", "price": "319", "unit_price": "$.32/ oz", "name": "Bacardi Mixers Margarita Frozen", "cnid": "17", "productId": "2282", "size": "10 oz can"},
{"thumb": "http://i4.peapod.com/c/KK/KKNHZ.gif", "price": "319", "unit_price": "$.32/ oz", "name": "Bacardi Mixers Strawberry Daiquiri Frozen", "cnid": "17", "productId": "2281", "size": "10 oz can"},
{"thumb": "http://i4.peapod.com/c/KK/KKNHZ.gif", "price": "279", "unit_price": "$.59/ oz", "name": "Bar Tenders Instant Whisky Sour Mix - 8 ct", "cnid": "17", "productId": "82945", "size": "4.7 oz box"},
{"thumb": "http://i4.peapod.com/c/KK/KKNHZ.gif", "price": "529", "unit_price": "$.16/ oz", "name": "Jose Cuervo Margarita Mix", "cnid": "17", "productId": "31674", "size": "1 ltr btl"},
{"thumb": "http://i4.peapod.com/c/KK/KKNHZ.gif", "price": "859", "unit_price": "$4.91/ liter", "name": "Jose Cuervo Premium Margarita Mix The Original Non-Alcoholic", "cnid": "17", "productId": "31675", "size": "1.75 ltr"},
{"thumb": "http://i4.peapod.com/c/KK/KKNHZ.gif", "price": "699", "unit_price": "$.12/ oz", "name": "Margaritaville Party in Paradise Premium Margarita Mix Non-Alcoholic", "cnid": "17", "productId": "131725", "size": "1.75 ltr"},
{"thumb": "http://i4.peapod.com/c/KK/KKNHZ.gif", "price": "379", "unit_price": "$.11/ oz", "name": "Master of Mixes 5 Pepper Extra Spicy Bloody Mary Mixer", "cnid": "17", "productId": "167568", "size": "1 ltr btl"},
{"thumb": "http://i4.peapod.com/c/KK/KKNHZ.gif", "price": "379", "unit_price": "$.11/ oz", "name": "Master of Mixes Margarita Mixer", "cnid": "17", "productId": "163623", "size": "1 ltr btl"},
{"thumb": "http://i4.peapod.com/c/KK/KKNHZ.gif", "price": "379", "unit_price": "$.11/ oz", "name": "Master of Mixes Pina Colada Mixer", "cnid": "17", "productId": "163624", "size": "1 ltr btl"},
{"thumb": "http://i4.peapod.com/c/KK/KKNHZ.gif", "price": "379", "unit_price": "$.11/ oz", "name": "Master of Mixes Strawberry Daiquiri/Margarita Mixer", "cnid": "17", "productId": "163625", "size": "1 ltr btl"},
{"thumb": "http://i4.peapod.com/c/KK/KKNHZ.gif", "price": "299", "unit_price": "$.09/ oz", "name": "Mr & Mrs T Bloody Mary Mix", "cnid": "17", "productId": "12154", "size": "1 ltr btl"},
{"thumb": "http://i4.peapod.com/c/KK/KKNHZ.gif", "price": "299", "unit_price": "$.09/ oz", "name": "Mr & Mrs T Bold & Spicy Bloody Mary Mix", "cnid": "17", "productId": "12155", "size": "1 ltr btl"},
{"thumb": "http://i4.peapod.com/c/KK/KKNHZ.gif", "price": "299", "unit_price": "$.09/ oz", "name": "Mr & Mrs T Sweet & Sour Mix", "cnid": "17", "productId": "49771", "size": "1 ltr btl"},
{"thumb": "http://i4.peapod.com/c/KK/KKNHZ.gif", "price": "369", "unit_price": "$.31/ oz", "name": "Rose's Grenadine", "cnid": "17", "productId": "31694", "size": "12 oz btl"},
{"thumb": "http://i4.peapod.com/c/KK/KKNHZ.gif", "price": "379", "unit_price": "$.32/ oz", "name": "Rose's Sweetened Lime Juice", "cnid": "17", "productId": "31695", "size": "12 oz btl"},
{"thumb": "http://i4.peapod.com/c/KK/KKNHZ.gif", "price": "799", "unit_price": "$2.00/ oz", "name": "Angostura Bitters Aromatic", "cnid": "52539636", "productId": "31659", "size": "4 oz btl"},
{"thumb": "http://i4.peapod.com/c/KK/KKNHZ.gif", "price": "319", "unit_price": "$.32/ oz", "name": "Bacardi Mixers Margarita Frozen", "cnid": "52539636", "productId": "2282", "size": "10 oz can"},
{"thumb": "http://i4.peapod.com/c/KK/KKNHZ.gif", "price": "319", "unit_price": "$.32/ oz", "name": "Bacardi Mixers Strawberry Daiquiri Frozen", "cnid": "52539636", "productId": "2281", "size": "10 oz can"},
{"thumb": "http://i4.peapod.com/c/KK/KKNHZ.gif", "price": "279", "unit_price": "$.59/ oz", "name": "Bar Tenders Instant Whisky Sour Mix - 8 ct", "cnid": "52539636", "productId": "82945", "size": "4.7 oz box"},
{"thumb": "http://i4.peapod.com/c/KK/KKNHZ.gif", "price": "529", "unit_price": "$.16/ oz", "name": "Jose Cuervo Margarita Mix", "cnid": "52539636", "productId": "31674", "size": "1 ltr btl"},
{"thumb": "http://i4.peapod.com/c/KK/KKNHZ.gif", "price": "859", "unit_price": "$4.91/ liter", "name": "Jose Cuervo Premium Margarita Mix The Original Non-Alcoholic", "cnid": "52539636", "productId": "31675", "size": "1.75 ltr"},
{"thumb": "http://i4.peapod.com/c/KK/KKNHZ.gif", "price": "699", "unit_price": "$.12/ oz", "name": "Margaritaville Party in Paradise Premium Margarita Mix Non-Alcoholic", "cnid": "52539636", "productId": "131725", "size": "1.75 ltr"},
{"thumb": "http://i4.peapod.com/c/KK/KKNHZ.gif", "price": "379", "unit_price": "$.11/ oz", "name": "Master of Mixes 5 Pepper Extra Spicy Bloody Mary Mixer", "cnid": "52539636", "productId": "167568", "size": "1 ltr btl"},
{"thumb": "http://i4.peapod.com/c/KK/KKNHZ.gif", "price": "379", "unit_price": "$.11/ oz", "name": "Master of Mixes Margarita Mixer", "cnid": "52539636", "productId": "163623", "size": "1 ltr btl"},
{"thumb": "http://i4.peapod.com/c/KK/KKNHZ.gif", "price": "379", "unit_price": "$.11/ oz", "name": "Master of Mixes Pina Colada Mixer", "cnid": "52539636", "productId": "163624", "size": "1 ltr btl"},
{"thumb": "http://i4.peapod.com/c/KK/KKNHZ.gif", "price": "379", "unit_price": "$.11/ oz", "name": "Master of Mixes Strawberry Daiquiri/Margarita Mixer", "cnid": "52539636", "productId": "163625", "size": "1 ltr btl"},
{"thumb": "http://i4.peapod.com/c/KK/KKNHZ.gif", "price": "299", "unit_price": "$.09/ oz", "name": "Mr & Mrs T Bloody Mary Mix", "cnid": "52539636", "productId": "12154", "size": "1 ltr btl"},
{"thumb": "http://i4.peapod.com/c/KK/KKNHZ.gif", "price": "299", "unit_price": "$.09/ oz", "name": "Mr & Mrs T Bold & Spicy Bloody Mary Mix", "cnid": "52539636", "productId": "12155", "size": "1 ltr btl"},
{"thumb": "http://i4.peapod.com/c/KK/KKNHZ.gif", "price": "299", "unit_price": "$.09/ oz", "name": "Mr & Mrs T Sweet & Sour Mix", "cnid": "52539636", "productId": "49771", "size": "1 ltr btl"},
{"thumb": "http://i4.peapod.com/c/KK/KKNHZ.gif", "price": "369", "unit_price": "$.31/ oz", "name": "Rose's Grenadine", "cnid": "52539636", "productId": "31694", "size": "12 oz btl"},
{"thumb": "http://i4.peapod.com/c/KK/KKNHZ.gif", "price": "379", "unit_price": "$.32/ oz", "name": "Rose's Sweetened Lime Juice", "cnid": "52539636", "productId": "31695", "size": "12 oz btl"},
{"thumb": "http://i4.peapod.com/c/KK/KKNHZ.gif", "price": "799", "unit_price": "$2.00/ oz", "name": "Angostura Bitters Aromatic", "cnid": "530202054566", "productId": "31659", "size": "4 oz btl"},
{"thumb": "http://i4.peapod.com/c/KK/KKNHZ.gif", "price": "319", "unit_price": "$.32/ oz", "name": "Bacardi Mixers Margarita Frozen", "cnid": "530202054566", "productId": "2282", "size": "10 oz can"},
{"thumb": "http://i4.peapod.com/c/KK/KKNHZ.gif", "price": "319", "unit_price": "$.32/ oz", "name": "Bacardi Mixers Strawberry Daiquiri Frozen", "cnid": "530202054566", "productId": "2281", "size": "10 oz can"},
{"thumb": "http://i4.peapod.com/c/KK/KKNHZ.gif", "price": "279", "unit_price": "$.59/ oz", "name": "Bar Tenders Instant Whisky Sour Mix - 8 ct", "cnid": "530202054566", "productId": "82945", "size": "4.7 oz box"},
{"thumb": "http://i4.peapod.com/c/KK/KKNHZ.gif", "price": "529", "unit_price": "$.16/ oz", "name": "Jose Cuervo Margarita Mix", "cnid": "530202054566", "productId": "31674", "size": "1 ltr btl"},
{"thumb": "http://i4.peapod.com/c/KK/KKNHZ.gif", "price": "859", "unit_price": "$4.91/ liter", "name": "Jose Cuervo Premium Margarita Mix The Original Non-Alcoholic", "cnid": "530202054566", "productId": "31675", "size": "1.75 ltr"},
{"thumb": "http://i4.peapod.com/c/KK/KKNHZ.gif", "price": "699", "unit_price": "$.12/ oz", "name": "Margaritaville Party in Paradise Premium Margarita Mix Non-Alcoholic", "cnid": "530202054566", "productId": "131725", "size": "1.75 ltr"},
{"thumb": "http://i4.peapod.com/c/KK/KKNHZ.gif", "price": "379", "unit_price": "$.11/ oz", "name": "Master of Mixes 5 Pepper Extra Spicy Bloody Mary Mixer", "cnid": "530202054566", "productId": "167568", "size": "1 ltr btl"},
{"thumb": "http://i4.peapod.com/c/KK/KKNHZ.gif", "price": "379", "unit_price": "$.11/ oz", "name": "Master of Mixes Margarita Mixer", "cnid": "530202054566", "productId": "163623", "size": "1 ltr btl"},
{"thumb": "http://i4.peapod.com/c/KK/KKNHZ.gif", "price": "379", "unit_price": "$.11/ oz", "name": "Master of Mixes Pina Colada Mixer", "cnid": "530202054566", "productId": "163624", "size": "1 ltr btl"},
{"thumb": "http://i4.peapod.com/c/KK/KKNHZ.gif", "price": "379", "unit_price": "$.11/ oz", "name": "Master of Mixes Strawberry Daiquiri/Margarita Mixer", "cnid": "530202054566", "productId": "163625", "size": "1 ltr btl"},
{"thumb": "http://i4.peapod.com/c/KK/KKNHZ.gif", "price": "299", "unit_price": "$.09/ oz", "name": "Mr & Mrs T Bloody Mary Mix", "cnid": "530202054566", "productId": "12154", "size": "1 ltr btl"},
{"thumb": "http://i4.peapod.com/c/KK/KKNHZ.gif", "price": "299", "unit_price": "$.09/ oz", "name": "Mr & Mrs T Bold & Spicy Bloody Mary Mix", "cnid": "530202054566", "productId": "12155", "size": "1 ltr btl"},
{"thumb": "http://i4.peapod.com/c/KK/KKNHZ.gif", "price": "299", "unit_price": "$.09/ oz", "name": "Mr & Mrs T Sweet & Sour Mix", "cnid": "530202054566", "productId": "49771", "size": "1 ltr btl"},
{"thumb": "http://i4.peapod.com/c/KK/KKNHZ.gif", "price": "369", "unit_price": "$.31/ oz", "name": "Rose's Grenadine", "cnid": "530202054566", "productId": "31694", "size": "12 oz btl"},
{"thumb": "http://i4.peapod.com/c/KK/KKNHZ.gif", "price": "379", "unit_price": "$.32/ oz", "name": "Rose's Sweetened Lime Juice", "cnid": "530202054566", "productId": "31695", "size": "12 oz btl"},
{"thumb": "http://i4.peapod.com/c/KK/KKNHZ.gif", "price": "799", "unit_price": "$2.00/ oz", "name": "Angostura Bitters Aromatic", "cnid": "5302035072", "productId": "31659", "size": "4 oz btl"},
{"thumb": "http://i4.peapod.com/c/KK/KKNHZ.gif", "price": "319", "unit_price": "$.32/ oz", "name": "Bacardi Mixers Margarita Frozen", "cnid": "5302035072", "productId": "2282", "size": "10 oz can"},
{"thumb": "http://i4.peapod.com/c/KK/KKNHZ.gif", "price": "319", "unit_price": "$.32/ oz", "name": "Bacardi Mixers Strawberry Daiquiri Frozen", "cnid": "5302035072", "productId": "2281", "size": "10 oz can"},
{"thumb": "http://i4.peapod.com/c/KK/KKNHZ.gif", "price": "279", "unit_price": "$.59/ oz", "name": "Bar Tenders Instant Whisky Sour Mix - 8 ct", "cnid": "5302035072", "productId": "82945", "size": "4.7 oz box"},
{"thumb": "http://i4.peapod.com/c/KK/KKNHZ.gif", "price": "529", "unit_price": "$.16/ oz", "name": "Jose Cuervo Margarita Mix", "cnid": "5302035072", "productId": "31674", "size": "1 ltr btl"},
{"thumb": "http://i4.peapod.com/c/KK/KKNHZ.gif", "price": "859", "unit_price": "$4.91/ liter", "name": "Jose Cuervo Premium Margarita Mix The Original Non-Alcoholic", "cnid": "5302035072", "productId": "31675", "size": "1.75 ltr"},
{"thumb": "http://i4.peapod.com/c/KK/KKNHZ.gif", "price": "699", "unit_price": "$.12/ oz", "name": "Margaritaville Party in Paradise Premium Margarita Mix Non-Alcoholic", "cnid": "5302035072", "productId": "131725", "size": "1.75 ltr"},
{"thumb": "http://i4.peapod.com/c/KK/KKNHZ.gif", "price": "379", "unit_price": "$.11/ oz", "name": "Master of Mixes 5 Pepper Extra Spicy Bloody Mary Mixer", "cnid": "5302035072", "productId": "167568", "size": "1 ltr btl"},
{"thumb": "http://i4.peapod.com/c/KK/KKNHZ.gif", "price": "379", "unit_price": "$.11/ oz", "name": "Master of Mixes Margarita Mixer", "cnid": "5302035072", "productId": "163623", "size": "1 ltr btl"},
{"thumb": "http://i4.peapod.com/c/KK/KKNHZ.gif", "price": "379", "unit_price": "$.11/ oz", "name": "Master of Mixes Pina Colada Mixer", "cnid": "5302035072", "productId": "163624", "size": "1 ltr btl"},
{"thumb": "http://i4.peapod.com/c/KK/KKNHZ.gif", "price": "379", "unit_price": "$.11/ oz", "name": "Master of Mixes Strawberry Daiquiri/Margarita Mixer", "cnid": "5302035072", "productId": "163625", "size": "1 ltr btl"},
{"thumb": "http://i4.peapod.com/c/KK/KKNHZ.gif", "price": "299", "unit_price": "$.09/ oz", "name": "Mr & Mrs T Bloody Mary Mix", "cnid": "5302035072", "productId": "12154", "size": "1 ltr btl"},
{"thumb": "http://i4.peapod.com/c/KK/KKNHZ.gif", "price": "299", "unit_price": "$.09/ oz", "name": "Mr & Mrs T Bold & Spicy Bloody Mary Mix", "cnid": "5302035072", "productId": "12155", "size": "1 ltr btl"},
{"thumb": "http://i4.peapod.com/c/KK/KKNHZ.gif", "price": "299", "unit_price": "$.09/ oz", "name": "Mr & Mrs T Sweet & Sour Mix", "cnid": "5302035072", "productId": "49771", "size": "1 ltr btl"},
{"thumb": "http://i4.peapod.com/c/KK/KKNHZ.gif", "price": "369", "unit_price": "$.31/ oz", "name": "Rose's Grenadine", "cnid": "5302035072", "productId": "31694", "size": "12 oz btl"},
{"thumb": "http://i4.peapod.com/c/KK/KKNHZ.gif", "price": "379", "unit_price": "$.32/ oz", "name": "Rose's Sweetened Lime Juice", "cnid": "5302035072", "productId": "31695", "size": "12 oz btl"},
{"thumb": "http://i4.peapod.com/c/KK/KKNHZ.gif", "price": "349", "unit_price": "$.16/ oz", "name": "Kellogg's Pop-Tarts Frosted Blueberry - 12 ct", "cnid": "564", "productId": "27270", "size": "22 oz box"},
{"thumb": "http://i4.peapod.com/c/KK/KKNHZ.gif", "price": "349", "unit_price": "$.17/ oz", "name": "Kellogg's Pop-Tarts Frosted Brown Sugar Cinnamon - 12 ct", "cnid": "564", "productId": "3924", "size": "21 oz box"},
{"thumb": "http://i4.peapod.com/c/KK/KKNHZ.gif", "price": "250", "unit_price": "$.18/ oz", "name": "Kellogg's Pop-Tarts Frosted Brown Sugar Cinnamon - 8 ct", "cnid": "564", "productId": "60944", "size": "14 oz box"},
{"thumb": "http://i4.peapod.com/c/KK/KKNHZ.gif", "price": "349", "unit_price": "$.16/ oz", "name": "Kellogg's Pop-Tarts Frosted Cherry - 12 ct", "cnid": "564", "productId": "74924", "size": "22 oz box"},
{"thumb": "http://i4.peapod.com/c/KK/KKNHZ.gif", "price": "349", "unit_price": "$.16/ oz", "name": "Kellogg's Pop-Tarts Frosted Chocolate Chip - 12 ct", "cnid": "564", "productId": "147167", "size": "22 oz box"},
{"thumb": "http://i4.peapod.com/c/KK/KKNHZ.gif", "price": "349", "unit_price": "$.16/ oz", "name": "Kellogg's Pop-Tarts Frosted Chocolate Fudge - 12 ct", "cnid": "564", "productId": "157216", "size": "22 oz box"},
{"thumb": "http://i4.peapod.com/c/KK/KKNHZ.gif", "price": "250", "unit_price": "$.17/ oz", "name": "Kellogg's Pop-Tarts Frosted Chocolate Fudge - 8 ct", "cnid": "564", "productId": "3925", "size": "14.7 oz box"},
{"thumb": "http://i4.peapod.com/c/KK/KKNHZ.gif", "price": "349", "unit_price": "$.17/ oz", "name": "Kellogg's Pop-Tarts Frosted Cookies & Creme - 12 ct", "cnid": "564", "productId": "157141", "size": "21.1 oz box"},
{"thumb": "http://i4.peapod.com/c/KK/KKNHZ.gif", "price": "250", "unit_price": "$.17/ oz", "name": "Kellogg's Pop-Tarts Frosted Raspberry - 8 ct", "cnid": "564", "productId": "24091", "size": "14.7 oz box"},
{"thumb": "http://i4.peapod.com/c/KK/KKNHZ.gif", "price": "349", "unit_price": "$.16/ oz", "name": "Kellogg's Pop-Tarts Frosted S'mores - 12 ct", "cnid": "564", "productId": "23053", "size": "22 oz box"},
{"thumb": "http://i4.peapod.com/c/KK/KKNHZ.gif", "price": "250", "unit_price": "$.17/ oz", "name": "Kellogg's Pop-Tarts Frosted S'mores - 8 ct", "cnid": "564", "productId": "14672", "size": "14.7 oz box"},
{"thumb": "http://i4.peapod.com/c/KK/KKNHZ.gif", "price": "349", "unit_price": "$.16/ oz", "name": "Kellogg's Pop-Tarts Frosted Strawberry - 12 ct", "cnid": "564", "productId": "3927", "size": "22 oz box"},
{"thumb": "http://i4.peapod.com/c/KK/KKNHZ.gif", "price": "349", "unit_price": "$.17/ oz", "name": "Kellogg's Pop-Tarts Ice Cream Shoppe Frosted Hot Fudge Sundae - 12 ct", "cnid": "564", "productId": "154191", "size": "20.3 oz box"},
{"thumb": "http://i4.peapod.com/c/KK/KKNHZ.gif", "price": "250", "unit_price": "$.17/ oz", "name": "Kellogg's Pop-Tarts Unfrosted Blueberry - 8 ct", "cnid": "564", "productId": "151606", "size": "14.7 oz box"},
{"thumb": "http://i4.peapod.com/c/KK/KKNHZ.gif", "price": "349", "unit_price": "$.16/ oz", "name": "Kellogg's Pop-Tarts Unfrosted Strawberry - 12 ct", "cnid": "564", "productId": "23149", "size": "22 oz box"},
{"thumb": "http://i4.peapod.com/c/KK/KKNHZ.gif", "price": "250", "unit_price": "$.17/ oz", "name": "Kellogg's Pop-Tarts Unfrosted Strawberry - 8 ct", "cnid": "564", "productId": "3921", "size": "14.7 oz box"},
{"thumb": "http://i4.peapod.com/c/KK/KKNHZ.gif", "price": "349", "unit_price": "$.32/ oz", "name": "Nature's Path Toaster Pastries Frosted Brown Sugar Maple Organic - 6 ct", "cnid": "564", "productId": "156327", "size": "11 oz box"},
{"thumb": "http://i4.peapod.com/c/KK/KKNHZ.gif", "price": "299", "unit_price": "$.12/ oz", "name": "Aunt Jemima Syrup Butter Lite", "cnid": "560", "productId": "2865", "size": "24 oz btl"},
{"thumb": "http://i4.peapod.com/c/KK/KKNHZ.gif", "price": "299", "unit_price": "$.12/ oz", "name": "Aunt Jemima Syrup Lite", "cnid": "560", "productId": "2868", "size": "24 oz btl"},
{"thumb": "http://i4.peapod.com/c/KK/KKNHZ.gif", "price": "299", "unit_price": "$.12/ oz", "name": "Aunt Jemima Syrup Original", "cnid": "560", "productId": "2874", "size": "24 oz btl"},
{"thumb": "http://i4.peapod.com/c/KK/KKNHZ.gif", "price": "259", "unit_price": "$.22/ oz", "name": "Carys Sugar Free Syrup", "cnid": "560", "productId": "7679", "size": "12 oz btl"},
{"thumb": "http://i4.peapod.com/c/KK/KKNHZ.gif", "price": "469", "unit_price": "$.19/ oz", "name": "Log Cabin Syrup Lite", "cnid": "560", "productId": "5884", "size": "24 oz btl"},
{"thumb": "http://i4.peapod.com/c/KK/KKNHZ.gif", "price": "469", "unit_price": "$.19/ oz", "name": "Log Cabin Syrup Original", "cnid": "560", "productId": "5883", "size": "24 oz btl"},
{"thumb": "http://i4.peapod.com/c/KK/KKNHZ.gif", "price": "719", "unit_price": "$.85/ oz", "name": "Maple Grove Farms Maple Syrup Dark Amber Grade A Pure All Natural", "cnid": "560", "productId": "140367", "size": "8.5 oz btl"},
{"thumb": "http://i4.peapod.com/c/KK/KKNHZ.gif", "price": "949", "unit_price": "$.76/ oz", "name": "Maple Grove Farms Maple Syrup Dark Amber Grade A Pure All Natural", "cnid": "560", "productId": "36393", "size": "12.5 oz btl"},
{"thumb": "http://i4.peapod.com/c/KK/KKNHZ.gif", "price": "329", "unit_price": "$.14/ oz", "name": "Mrs. Butterworth's Syrup Original", "cnid": "560", "productId": "336", "size": "24 oz btl"},
{"thumb": "http://i4.peapod.com/c/KK/KKNHZ.gif", "price": "549", "unit_price": "$.65/ oz", "name": "Nature's Promise Organics Maple Syrup Pure", "cnid": "560", "productId": "147649", "size": "8.5 oz btl"},
{"thumb": "http://i4.peapod.com/c/KK/KKNHZ.gif", "price": "1849", "unit_price": "$.58/ oz", "name": "Spring Tree Syrup", "cnid": "560", "productId": "137340", "size": "32 oz btl"},
{"thumb": "http://i4.peapod.com/c/KK/KKNHZ.gif", "price": "549", "unit_price": "$.65/ oz", "name": "Stop & Shop Maple Syrup Dark Amber Grade A 100% Pure All Natural", "cnid": "560", "productId": "57603", "size": "8.5 oz btl"},
{"thumb": "http://i4.peapod.com/c/KK/KKNHZ.gif", "price": "329", "unit_price": "$.14/ oz", "name": "Stop & Shop Pancake & Waffle Syrup", "cnid": "560", "productId": "57747", "size": "24 oz btl"},
{"thumb": "http://i4.peapod.com/c/KK/KKNHZ.gif", "price": "329", "unit_price": "$.14/ oz", "name": "Stop & Shop Table Syrup Lite Reduced Calorie", "cnid": "560", "productId": "57749", "size": "24 oz btl"},
{"thumb": "http://i4.peapod.com/c/KK/KKNHZ.gif", "price": "350", "unit_price": "$.15/ oz", "name": "Vermont Maid Syrup", "cnid": "560", "productId": "36399", "size": "24 oz btl"},
{"thumb": "http://i4.peapod.com/c/KK/KKNHZ.gif", "price": "339", "unit_price": "$.28/ oz", "name": "Vermont Maple Syrup Sugar Free Low Calorie", "cnid": "560", "productId": "77033", "size": "12 oz btl"},
{"thumb": "http://i4.peapod.com/c/KK/KKNHZ.gif", "price": "699", "unit_price": "$.87/ oz", "name": "Atkins Advantage Bar Caramel Chocolate Peanut Nougat - 5 ct", "cnid": "555", "productId": "140758", "size": "8 oz box"},
{"thumb": "http://i4.peapod.com/c/KK/KKNHZ.gif", "price": "699", "unit_price": "$1.00/ oz", "name": "Atkins Advantage Bar Caramel Double Chocolate Crunch - 5 ct", "cnid": "555", "productId": "140759", "size": "7 oz box"},
{"thumb": "http://i4.peapod.com/c/KK/KKNHZ.gif", "price": "699", "unit_price": "$.67/ oz", "name": "Atkins Advantage Bar Chocolate Chip Cookie Dough - 5 ct", "cnid": "555", "productId": "161352", "size": "10.5 oz box"},
{"thumb": "http://i4.peapod.com/c/KK/KKNHZ.gif", "price": "699", "unit_price": "$.66/ oz", "name": "Atkins Advantage Bar Chocolate Peanut Butter - 5 ct", "cnid": "555", "productId": "136596", "size": "10.5 oz box"},
{"thumb": "http://i4.peapod.com/c/KK/KKNHZ.gif", "price": "699", "unit_price": "$.82/ oz", "name": "Atkins Advantage Granola Bar Chocolate Chip - 5 ct", "cnid": "555", "productId": "155068", "size": "8.5 oz box"},
{"thumb": "http://i4.peapod.com/c/KK/KKNHZ.gif", "price": "699", "unit_price": "$.82/ oz", "name": "Atkins Advantage Granola Bar Peanut Fudge - 5 ct", "cnid": "555", "productId": "149710", "size": "8.5 oz box"},
{"thumb": "http://i4.peapod.com/c/KK/KKNHZ.gif", "price": "699", "unit_price": "$1.00/ oz", "name": "Atkins Day Break Baked Square Blueberry Almond - 5 ct", "cnid": "555", "productId": "167524", "size": "7 oz box"},
{"thumb": "http://i4.peapod.com/c/KK/KKNHZ.gif", "price": "699", "unit_price": "$1.08/ oz", "name": "Atkins Day Break Bar Peanut Butter Fudge Crisp - 5 ct", "cnid": "555", "productId": "167525", "size": "6.5 oz box"},
{"thumb": "http://i4.peapod.com/c/KK/KKNHZ.gif", "price": "699", "unit_price": "$1.00/ oz", "name": "Atkins Day Break Breakfast Bar Chocolate Hazelnut - 5 ct", "cnid": "555", "productId": "161354", "size": "7 oz box"},
{"thumb": "http://i4.peapod.com/c/KK/KKNHZ.gif", "price": "699", "unit_price": "$1.16/ oz", "name": "Atkins Day Break Breakfast Bar Cranberry Almond - 5 ct", "cnid": "555", "productId": "136604", "size": "6 oz box"},
{"thumb": "http://i4.peapod.com/c/KK/KKNHZ.gif", "price": "649", "unit_price": "$1.08/ oz", "name": "Atkins Endulge Bar Chocolate Caramel Mousse - 5 ct", "cnid": "555", "productId": "167527", "size": "6 oz box"},
{"thumb": "http://i4.peapod.com/c/KK/KKNHZ.gif", "price": "599", "unit_price": "$.86/ oz", "name": "Atkins Endulge Bar Chocolate Coconut - 5 ct", "cnid": "555", "productId": "140761", "size": "7 oz box"},
{"thumb": "http://i4.peapod.com/c/KK/KKNHZ.gif", "price": "125", "unit_price": "$.71/ oz", "name": "Balance Bar Gold Nutrition Energy Bar Caramel Nut Blast", "cnid": "555", "productId": "126986", "size": "1.76 oz bar"},
{"thumb": "http://i4.peapod.com/c/KK/KKNHZ.gif", "price": "125", "unit_price": "$.71/ oz", "name": "Balance Bar Gold Nutrition Energy Bar Chocolate Peanut Butter", "cnid": "555", "productId": "128300", "size": "1.76 oz bar"},
{"thumb": "http://i4.peapod.com/c/KK/KKNHZ.gif", "price": "125", "unit_price": "$.71/ oz", "name": "Balance Bar Nutrition Energy Bar Cookie Dough", "cnid": "555", "productId": "140007", "size": "1.76 oz bar"},
{"thumb": "http://i4.peapod.com/c/KK/KKNHZ.gif", "price": "125", "unit_price": "$.71/ oz", "name": "Balance Bar Nutrition Energy Bar Mocha Chip", "cnid": "555", "productId": "127484", "size": "1.76 oz bar"},
{"thumb": "http://i4.peapod.com/c/KK/KKNHZ.gif", "price": "399", "unit_price": "$.54/ oz", "name": "Cascadian Farm Chewy Granola Bars Chocolate Chip Organic - 6 ct", "cnid": "555", "productId": "154212", "size": "7.4 oz box"},
{"thumb": "http://i4.peapod.com/c/KK/KKNHZ.gif", "price": "125", "unit_price": "$.52/ oz", "name": "Clif Builder's Protein Bar 20g Chocolate", "cnid": "555", "productId": "146889", "size": "2.4 oz bar"},
{"thumb": "http://i4.peapod.com/c/KK/KKNHZ.gif", "price": "125", "unit_price": "$.52/ oz", "name": "Clif Builder's Protein Bar 20g Chocolate Mint", "cnid": "555", "productId": "155485", "size": "2.4 oz bar"},
{"thumb": "http://i4.peapod.com/c/KK/KKNHZ.gif", "price": "125", "unit_price": "$.52/ oz", "name": "Clif Builder's Protein Bar 20g Chocolate Peanut Butter", "cnid": "555", "productId": "146890", "size": "2.4 oz bar"},
{"thumb": "http://i4.peapod.com/c/KK/KKNHZ.gif", "price": "125", "unit_price": "$.52/ oz", "name": "Clif Builder's Protein Bar 20g Cookies 'n Cream", "cnid": "555", "productId": "158115", "size": "2.4 oz bar"},
{"thumb": "http://i4.peapod.com/c/KK/KKNHZ.gif", "price": "125", "unit_price": "$.52/ oz", "name": "Clif Builder's Protein Bar 20g Vanilla Almond", "cnid": "555", "productId": "148011", "size": "2.4 oz bar"},
{"thumb": "http://i4.peapod.com/c/KK/KKNHZ.gif", "price": "100", "unit_price": "$.42/ oz", "name": "Clif Energy Bar Black Cherry Almond", "cnid": "555", "productId": "140011", "size": "2.4 oz bar"},
{"thumb": "http://i4.peapod.com/c/KK/KKNHZ.gif", "price": "100", "unit_price": "$.42/ oz", "name": "Clif Energy Bar Blueberry Crisp", "cnid": "555", "productId": "154700", "size": "2.4 oz bar"},
{"thumb": "http://i4.peapod.com/c/KK/KKNHZ.gif", "price": "100", "unit_price": "$.42/ oz", "name": "Clif Energy Bar Chocolate Brownie", "cnid": "555", "productId": "140012", "size": "2.4 oz bar"},
{"thumb": "http://i4.peapod.com/c/KK/KKNHZ.gif", "price": "100", "unit_price": "$.42/ oz", "name": "Clif Energy Bar Chocolate Chip", "cnid": "555", "productId": "99854", "size": "2.4 oz bar"},
{"thumb": "http://i4.peapod.com/c/KK/KKNHZ.gif", "price": "1425", "unit_price": "$.50/ oz", "name": "Clif Energy Bar Chocolate Chip - 12 ct", "cnid": "555", "productId": "154550", "size": "28.8 oz box"},
{"thumb": "http://i4.peapod.com/c/KK/KKNHZ.gif", "price": "125", "unit_price": "$.52/ oz", "name": "Clif Energy Bar Chocolate Chip Peanut Crunch", "cnid": "555", "productId": "109781", "size": "2.4 oz bar"},
{"thumb": "http://i4.peapod.com/c/KK/KKNHZ.gif", "price": "125", "unit_price": "$.52/ oz", "name": "Clif Energy Bar Cool Mint Chocolate", "cnid": "555", "productId": "152191", "size": "2.4 oz bar"},
{"thumb": "http://i4.peapod.com/c/KK/KKNHZ.gif", "price": "1425", "unit_price": "$.50/ oz", "name": "Clif Energy Bar Cool Mint Chocolate - 12 ct", "cnid": "555", "productId": "161129", "size": "28.8 oz box"},
{"thumb": "http://i4.peapod.com/c/KK/KKNHZ.gif", "price": "100", "unit_price": "$.42/ oz", "name": "Clif Energy Bar Crunchy Peanut Butter", "cnid": "555", "productId": "85932", "size": "2.4 oz bar"},
{"thumb": "http://i4.peapod.com/c/KK/KKNHZ.gif", "price": "1425", "unit_price": "$.50/ oz", "name": "Clif Energy Bar Crunchy Peanut Butter - 12 ct", "cnid": "555", "productId": "161130", "size": "28.8 oz box"},
{"thumb": "http://i4.peapod.com/c/KK/KKNHZ.gif", "price": "100", "unit_price": "$.42/ oz", "name": "Clif Energy Bar Oatmeal Raisin Walnut", "cnid": "555", "productId": "153573", "size": "2.4 oz bar"},
{"thumb": "http://i4.peapod.com/c/KK/KKNHZ.gif", "price": "100", "unit_price": "$.42/ oz", "name": "Clif Energy Bar Peanut Toffee Buzz", "cnid": "555", "productId": "163382", "size": "2.4 oz bar"},
{"thumb": "http://i4.peapod.com/c/KK/KKNHZ.gif", "price": "100", "unit_price": "$.42/ oz", "name": "Clif Energy Bar White Chocolate Macadamia Nut", "cnid": "555", "productId": "158133", "size": "2.4 oz bar"},
{"thumb": "http://i4.peapod.com/c/KK/KKNHZ.gif", "price": "399", "unit_price": "$.52/ oz", "name": "Clif Kid ZBaR Honey Graham Organic - 6 ct", "cnid": "555", "productId": "163168", "size": "7.62 oz box"},
{"thumb": "http://i4.peapod.com/c/KK/KKNHZ.gif", "price": "125", "unit_price": "$.79/ oz", "name": "Clif Mojo Sweet & Salty Trail Mix Bar Peanut Butter Pretzel", "cnid": "555", "productId": "158132", "size": "1.59 oz bar"},
{"thumb": "http://i4.peapod.com/c/KK/KKNHZ.gif", "price": "179", "unit_price": "$.85/ oz", "name": "EAS AdvantEdge Carb Control Bar Chocolate Peanut Butter", "cnid": "555", "productId": "133340", "size": "2.11 oz bar"},
{"thumb": "http://i4.peapod.com/c/KK/KKNHZ.gif", "price": "1299", "unit_price": "$.19/ oz", "name": "EAS Myoplex Original Dietary Protein Supplement RTD Chocolate Fudge - 4 ct", "cnid": "555", "productId": "143524", "size": "68 oz pkg"},
{"thumb": "http://i4.peapod.com/c/KK/KKNHZ.gif", "price": "289", "unit_price": "$.32/ oz", "name": "Entenmann's Multigrain Cereal Bar Chocolate Chip - 8 ct", "cnid": "555", "productId": "74030", "size": "9 oz box"},
{"thumb": "http://i4.peapod.com/c/KK/KKNHZ.gif", "price": "300", "unit_price": "$.73/ oz", "name": "General Mills Fiber One Chewy Bar 90 Calorie Chocolate - 5 ct", "cnid": "555", "productId": "158642", "size": "4.1 oz box"},
{"thumb": "http://i4.peapod.com/c/KK/KKNHZ.gif", "price": "300", "unit_price": "$.43/ oz", "name": "General Mills Fiber One Chewy Bar Chocolate Mocha - 5 ct", "cnid": "555", "productId": "157139", "size": "7 oz box"},
{"thumb": "http://i4.peapod.com/c/KK/KKNHZ.gif", "price": "300", "unit_price": "$.43/ oz", "name": "General Mills Fiber One Chewy Bar Oats & Caramel - 5 ct", "cnid": "555", "productId": "149142", "size": "7 oz box"},
{"thumb": "http://i4.peapod.com/c/KK/KKNHZ.gif", "price": "599", "unit_price": "$.43/ oz", "name": "General Mills Fiber One Chewy Bar Oats & Chocolate - 10 ct", "cnid": "555", "productId": "167503", "size": "14.1 oz box"},
{"thumb": "http://i4.peapod.com/c/KK/KKNHZ.gif", "price": "300", "unit_price": "$.43/ oz", "name": "General Mills Fiber One Chewy Bar Oats & Chocolate - 5 ct", "cnid": "555", "productId": "145352", "size": "7 oz box"},
{"thumb": "http://i4.peapod.com/c/KK/KKNHZ.gif", "price": "300", "unit_price": "$.43/ oz", "name": "General Mills Fiber One Chewy Bar Oats & Peanut Butter - 5 ct", "cnid": "555", "productId": "145353", "size": "7 oz box"},
{"thumb": "http://i4.peapod.com/c/KK/KKNHZ.gif", "price": "399", "unit_price": "$.54/ oz", "name": "Kashi Chewy Granola Bars Cherry Dark Chocolate - 6 ct", "cnid": "555", "productId": "145017", "size": "7.4 oz box"},
{"thumb": "http://i4.peapod.com/c/KK/KKNHZ.gif", "price": "399", "unit_price": "$.54/ oz", "name": "Kashi Chewy Granola Bars Honey Almond Flax - 6 ct", "cnid": "555", "productId": "138231", "size": "7.4 oz box"},
{"thumb": "http://i4.peapod.com/c/KK/KKNHZ.gif", "price": "399", "unit_price": "$.54/ oz", "name": "Kashi Chewy Granola Bars Peanut Peanut Butter - 6 ct", "cnid": "555", "productId": "138232", "size": "7.4 oz box"},
{"thumb": "http://i4.peapod.com/c/KK/KKNHZ.gif", "price": "399", "unit_price": "$.54/ oz", "name": "Kashi Chewy Granola Bars Trail Mix - 6 ct", "cnid": "555", "productId": "138230", "size": "7.4 oz box"},
{"thumb": "http://i4.peapod.com/c/KK/KKNHZ.gif", "price": "399", "unit_price": "$.47/ oz", "name": "Kashi Crunchy Granola Bars Pumpkin Spice Flax - 6 ct", "cnid": "555", "productId": "146015", "size": "8.4 oz box"},
{"thumb": "http://i4.peapod.com/c/KK/KKNHZ.gif", "price": "133", "unit_price": "$.84/ oz", "name": "Kashi GOLEAN Crisp! Bar Chocolate Almond", "cnid": "555", "productId": "156337", "size": "1.59 oz pkg"},
{"thumb": "http://i4.peapod.com/c/KK/KKNHZ.gif", "price": "399", "unit_price": "$.60/ oz", "name": "Kashi Layered Granola Bar Dark Chocolate Coconut All Natural - 6 ct", "cnid": "555", "productId": "153400", "size": "6.7 oz box"},
{"thumb": "http://i4.peapod.com/c/KK/KKNHZ.gif", "price": "399", "unit_price": "$.60/ oz", "name": "Kashi Layered Granola Bars Peanutty Dark Chocolate All Natural - 6 ct", "cnid": "555", "productId": "184705", "size": "6.7 oz box"},
{"thumb": "http://i4.peapod.com/c/KK/KKNHZ.gif", "price": "399", "unit_price": "$.55/ oz", "name": "Kashi Soft Baked Cereal Bars Ripe Strawberry All Natural - 6 ct", "cnid": "555", "productId": "151538", "size": "7.2 oz box"},
{"thumb": "http://i4.peapod.com/c/KK/KKNHZ.gif", "price": "250", "unit_price": "$.40/ oz", "name": "Kellogg's FiberPlus Antioxidants Chewy Bar Caramel Coconut Fudge - 5 ct", "cnid": "555", "productId": "161838", "size": "6.3 oz box"},
{"thumb": "http://i4.peapod.com/c/KK/KKNHZ.gif", "price": "250", "unit_price": "$.40/ oz", "name": "Kellogg's FiberPlus Antioxidants Chewy Bar Chocolate Chip - 5 ct", "cnid": "555", "productId": "153406", "size": "6.3 oz box"},
{"thumb": "http://i4.peapod.com/c/KK/KKNHZ.gif", "price": "250", "unit_price": "$.40/ oz", "name": "Kellogg's FiberPlus Antioxidants Chewy Bar Dark Chocolate Almond - 5 ct", "cnid": "555", "productId": "153407", "size": "6.3 oz box"},
{"thumb": "http://i4.peapod.com/c/KK/KKNHZ.gif", "price": "300", "unit_price": "$.29/ oz", "name": "Kellogg's Nutri-Grain Cereal Bar Apple Cinnamon - 8 ct", "cnid": "555", "productId": "3929", "size": "10.4 oz box"},
{"thumb": "http://i4.peapod.com/c/KK/KKNHZ.gif", "price": "300", "unit_price": "$.29/ oz", "name": "Kellogg's Nutri-Grain Cereal Bar Blueberry - 8 ct", "cnid": "555", "productId": "3930", "size": "10.4 oz box"},
{"thumb": "http://i4.peapod.com/c/KK/KKNHZ.gif", "price": "300", "unit_price": "$.29/ oz", "name": "Kellogg's Nutri-Grain Cereal Bar Mixed Berry - 8 ct", "cnid": "555", "productId": "79582", "size": "10.4 oz box"},
{"thumb": "http://i4.peapod.com/c/KK/KKNHZ.gif", "price": "300", "unit_price": "$.29/ oz", "name": "Kellogg's Nutri-Grain Cereal Bar Strawberry - 8 ct", "cnid": "555", "productId": "3931", "size": "10.4 oz box"},
{"thumb": "http://i4.peapod.com/c/KK/KKNHZ.gif", "price": "549", "unit_price": "$.44/ oz", "name": "Kellogg's Rice Krispies Treats - 16 ct", "cnid": "555", "productId": "40938", "size": "12.4 oz box"},
{"thumb": "http://i4.peapod.com/c/KK/KKNHZ.gif", "price": "249", "unit_price": "$.40/ oz", "name": "Kellogg's Rice Krispies Treats - 8 ct", "cnid": "555", "productId": "40937", "size": "6.2 oz box"},
{"thumb": "http://i4.peapod.com/c/KK/KKNHZ.gif", "price": "249", "unit_price": "$.51/ oz", "name": "Kellogg's Special K Cereal Bar Blueberry - 6 ct", "cnid": "555", "productId": "128711", "size": "4.86 oz box"},
{"thumb": "http://i4.peapod.com/c/KK/KKNHZ.gif", "price": "249", "unit_price": "$.54/ oz", "name": "Kellogg's Special K Cereal Bar Chocolatey Pretzel - 6 ct", "cnid": "555", "productId": "155367", "size": "4.6 oz box"},
{"thumb": "http://i4.peapod.com/c/KK/KKNHZ.gif", "price": "599", "unit_price": "$.62/ oz", "name": "Kellogg's Special K Cereal Bars Red Berries - 12 ct", "cnid": "555", "productId": "135457", "size": "9.72 oz box"},
{"thumb": "http://i4.peapod.com/c/KK/KKNHZ.gif", "price": "249", "unit_price": "$.51/ oz", "name": "Kellogg's Special K Cereal Bars Red Berries - 6 ct", "cnid": "555", "productId": "128712", "size": "4.86 oz box"},
{"thumb": "http://i4.peapod.com/c/KK/KKNHZ.gif", "price": "249", "unit_price": "$.53/ oz", "name": "Kellogg's Special K Cereal Bar Vanilla Crisp - 6 ct", "cnid": "555", "productId": "135458", "size": "4.7 oz box"},
{"thumb": "http://i4.peapod.com/c/KK/KKNHZ.gif", "price": "249", "unit_price": "$.57/ oz", "name": "Kellogg's Special K Pastry Crisps Blueberry - 5 ct", "cnid": "555", "productId": "157734", "size": "4.4 oz box"},
{"thumb": "http://i4.peapod.com/c/KK/KKNHZ.gif", "price": "249", "unit_price": "$.57/ oz", "name": "Kellogg's Special K Pastry Crisps Brown Sugar Cinnamon - 5 ct", "cnid": "555", "productId": "190324", "size": "4.4 oz box"},
{"thumb": "http://i4.peapod.com/c/KK/KKNHZ.gif", "price": "249", "unit_price": "$.57/ oz", "name": "Kellogg's Special K Pastry Crisps Chocolatey Delight - 5 ct", "cnid": "555", "productId": "190323", "size": "4.4 oz box"},
{"thumb": "http://i4.peapod.com/c/KK/KKNHZ.gif", "price": "249", "unit_price": "$.57/ oz", "name": "Kellogg's Special K Pastry Crisps Strawberry - 5 ct", "cnid": "555", "productId": "157735", "size": "4.4 oz box"},
{"thumb": "http://i4.peapod.com/c/KK/KKNHZ.gif", "price": "699", "unit_price": "$.74/ oz", "name": "Kellogg's Special K Protein Meal Bar Chocolate Peanut Butter - 6 ct", "cnid": "555", "productId": "143937", "size": "9.5 oz box"},
{"thumb": "http://i4.peapod.com/c/KK/KKNHZ.gif", "price": "699", "unit_price": "$.74/ oz", "name": "Kellogg's Special K Protein Meal Bar Double Chocolate - 6 ct", "cnid": "555", "productId": "142913", "size": "9.5 oz box"},
{"thumb": "http://i4.peapod.com/c/KK/KKNHZ.gif", "price": "125", "unit_price": "$.74/ oz", "name": "LUNA Nutrition Bar for Women Blueberry Bliss", "cnid": "555", "productId": "163433", "size": "1.69 oz bar"},
{"thumb": "http://i4.peapod.com/c/KK/KKNHZ.gif", "price": "125", "unit_price": "$.74/ oz", "name": "LUNA Nutrition Bar for Women Caramel Nut Brownie", "cnid": "555", "productId": "140520", "size": "1.69 oz bar"},
{"thumb": "http://i4.peapod.com/c/KK/KKNHZ.gif", "price": "125", "unit_price": "$.74/ oz", "name": "LUNA Nutrition Bar for Women Chocolate Peppermint Stick", "cnid": "555", "productId": "151426", "size": "1.69 oz bar"},
{"thumb": "http://i4.peapod.com/c/KK/KKNHZ.gif", "price": "125", "unit_price": "$.74/ oz", "name": "LUNA Nutrition Bar for Women Lemon Zest", "cnid": "555", "productId": "114462", "size": "1.69 oz bar"},
{"thumb": "http://i4.peapod.com/c/KK/KKNHZ.gif", "price": "125", "unit_price": "$.74/ oz", "name": "LUNA Nutrition Bar for Women Nutz Over Chocolate Organic", "cnid": "555", "productId": "114463", "size": "1.69 oz bar"},
{"thumb": "http://i4.peapod.com/c/KK/KKNHZ.gif", "price": "125", "unit_price": "$.74/ oz", "name": "LUNA Nutrition Bar for Women S'mores", "cnid": "555", "productId": "125065", "size": "1.69 oz bar"},
{"thumb": "http://i4.peapod.com/c/KK/KKNHZ.gif", "price": "200", "unit_price": "$.57/ oz", "name": "Met-Rx Big 100 Colossal Bar Super Cookie Crunch", "cnid": "555", "productId": "155428", "size": "3.5 oz bar"},
{"thumb": "http://i4.peapod.com/c/KK/KKNHZ.gif", "price": "200", "unit_price": "$.57/ oz", "name": "Met-Rx Big 100 Meal Replacement Bar Chocolate Chip Cookie Dough", "cnid": "555", "productId": "92985", "size": "3.53 oz bar"},
{"thumb": "http://i4.peapod.com/c/KK/KKNHZ.gif", "price": "200", "unit_price": "$.67/ oz", "name": "Met-Rx Protein Plus Bar Chocolate Chocolate Chunk", "cnid": "555", "productId": "153570", "size": "3 oz bar"},
{"thumb": "http://i4.peapod.com/c/KK/KKNHZ.gif", "price": "300", "unit_price": "$.34/ oz", "name": "Nabisco belVita Breakfast Biscuits Blueberry - 5 ct", "cnid": "555", "productId": "186069", "size": "8.8 oz box"},
{"thumb": "http://i4.peapod.com/c/KK/KKNHZ.gif", "price": "300", "unit_price": "$.34/ oz", "name": "Nabisco belVita Breakfast Biscuits Golden Oat - 5 ct", "cnid": "555", "productId": "186068", "size": "8.8 oz box"},
{"thumb": "http://i4.peapod.com/c/KK/KKNHZ.gif", "price": "89", "unit_price": "$.89/ oz", "name": "Nature's Promise Organics Snack Bar Peanut Butter Honey Roasted", "cnid": "555", "productId": "154201", "size": "1 oz bar"},
{"thumb": "http://i4.peapod.com/c/KK/KKNHZ.gif", "price": "379", "unit_price": "$.51/ oz", "name": "Nature Valley Chewy Trail Mix Bars Fruit & Nut 100% Natural - 6 ct", "cnid": "555", "productId": "124351", "size": "7.4 oz box"},
{"thumb": "http://i4.peapod.com/c/KK/KKNHZ.gif", "price": "379", "unit_price": "$.43/ oz", "name": "Nature Valley Crunchy Granola Bars Maple & Brown Sugar 100% Natural-12 ct", "cnid": "555", "productId": "123410", "size": "8.9 oz box"},
{"thumb": "http://i4.peapod.com/c/KK/KKNHZ.gif", "price": "379", "unit_price": "$.43/ oz", "name": "Nature Valley Crunchy Granola Bars Oats 'n Honey 100% Natural - 12 ct", "cnid": "555", "productId": "1143", "size": "8.9 oz box"},
{"thumb": "http://i4.peapod.com/c/KK/KKNHZ.gif", "price": "379", "unit_price": "$.43/ oz", "name": "Nature Valley Crunchy Granola Bars Peanut Butter 100% Natural - 12 ct", "cnid": "555", "productId": "26915", "size": "8.9 oz box"},
{"thumb": "http://i4.peapod.com/c/KK/KKNHZ.gif", "price": "379", "unit_price": "$.43/ oz", "name": "Nature Valley Crunchy Granola Bars Variety Pack 100% Natural - 12 ct", "cnid": "555", "productId": "1140", "size": "8.9 oz box"},
{"thumb": "http://i4.peapod.com/c/KK/KKNHZ.gif", "price": "679", "unit_price": "$.38/ oz", "name": "Nature Valley Crunchy Granola Bars Variety Pack 100% Natural - 24 ct", "cnid": "555", "productId": "158644", "size": "17.8 oz box"},
{"thumb": "http://i4.peapod.com/c/KK/KKNHZ.gif", "price": "379", "unit_price": "$.63/ oz", "name": "Nature Valley Granola Thins Crispy Squares Dark Chocolate Natural - 10 ct", "cnid": "555", "productId": "159503", "size": "6 oz box"},
{"thumb": "http://i4.peapod.com/c/KK/KKNHZ.gif", "price": "379", "unit_price": "$.63/ oz", "name": "Nature Valley Granola Thins Peanut Butter - 10 ct", "cnid": "555", "productId": "159504", "size": "6 oz box"},
{"thumb": "http://i4.peapod.com/c/KK/KKNHZ.gif", "price": "379", "unit_price": "$.53/ oz", "name": "Nature Valley Protein Chewy Granola Bars Peanut/Almond/Dark Chocolate-5 ct", "cnid": "555", "productId": "178019", "size": "7.1 oz box"},
{"thumb": "http://i4.peapod.com/c/KK/KKNHZ.gif", "price": "379", "unit_price": "$.53/ oz", "name": "Nature Valley Protein Chewy Granola Bars Peanut Butter Dark Chocolate-5 ct", "cnid": "555", "productId": "178020", "size": "7.1 oz box"},
{"thumb": "http://i4.peapod.com/c/KK/KKNHZ.gif", "price": "379", "unit_price": "$.51/ oz", "name": "Nature Valley Sweet & Salty Nut Granola Bars Almond - 6 ct", "cnid": "555", "productId": "144567", "size": "7.4 oz box"},
{"thumb": "http://i4.peapod.com/c/KK/KKNHZ.gif", "price": "379", "unit_price": "$.51/ oz", "name": "Nature Valley Sweet & Salty Nut Granola Bars Cashew - 6 ct", "cnid": "555", "productId": "141600", "size": "7.4 oz box"},
{"thumb": "http://i4.peapod.com/c/KK/KKNHZ.gif", "price": "379", "unit_price": "$.51/ oz", "name": "Nature Valley Sweet & Salty Nut Granola Bars Dark Choc, Peanut, Almond 6ct", "cnid": "555", "productId": "159498", "size": "7.44 oz box"},
{"thumb": "http://i4.peapod.com/c/KK/KKNHZ.gif", "price": "379", "unit_price": "$.51/ oz", "name": "Nature Valley Sweet & Salty Nut Granola Bars Peanut - 6 ct", "cnid": "555", "productId": "136582", "size": "7.4 oz box"},
{"thumb": "http://i4.peapod.com/c/KK/KKNHZ.gif", "price": "150", "unit_price": "$.75/ oz", "name": "Odwalla Nourishing Food Bar Banana Nut", "cnid": "555", "productId": "142736", "size": "2 oz bar"},
{"thumb": "http://i4.peapod.com/c/KK/KKNHZ.gif", "price": "150", "unit_price": "$.75/ oz", "name": "Odwalla Nourishing Food Bar Berries GoMega", "cnid": "555", "productId": "136611", "size": "2 oz bar"},
{"thumb": "http://i4.peapod.com/c/KK/KKNHZ.gif", "price": "150", "unit_price": "$.75/ oz", "name": "Odwalla Nourishing Food Bar Chocolate Chip Peanut", "cnid": "555", "productId": "128949", "size": "2 oz bar"},
{"thumb": "http://i4.peapod.com/c/KK/KKNHZ.gif", "price": "150", "unit_price": "$.75/ oz", "name": "Odwalla Nourishing Food Bar Choco-walla", "cnid": "555", "productId": "143865", "size": "2 oz bar"},
{"thumb": "http://i4.peapod.com/c/KK/KKNHZ.gif", "price": "169", "unit_price": "$.85/ oz", "name": "Odwalla Nourishing Food Bar Strawberry Pomegranate", "cnid": "555", "productId": "142739", "size": "2 oz bar"},
{"thumb": "http://i4.peapod.com/c/KK/KKNHZ.gif", "price": "150", "unit_price": "$.75/ oz", "name": "Odwalla Nourishing Food Bar Super Protein", "cnid": "555", "productId": "128953", "size": "2 oz bar"},
{"thumb": "http://i4.peapod.com/c/KK/KKNHZ.gif", "price": "169", "unit_price": "$.85/ oz", "name": "Odwalla Superfood Bar Original", "cnid": "555", "productId": "159465", "size": "2 oz bar"},
{"thumb": "http://i4.peapod.com/c/KK/KKNHZ.gif", "price": "100", "unit_price": "$.46/ oz", "name": "PowerBar Harvest Whole Grain Energy Bar Double Chocolate Dipped", "cnid": "555", "productId": "128876", "size": "2.2 oz bar"},
{"thumb": "http://i4.peapod.com/c/KK/KKNHZ.gif", "price": "100", "unit_price": "$.44/ oz", "name": "PowerBar Harvest Whole Grain Energy Bar Peanut Butter Chocolate Chip", "cnid": "555", "productId": "117643", "size": "2.29 oz bar"},
{"thumb": "http://i4.peapod.com/c/KK/KKNHZ.gif", "price": "100", "unit_price": "$.44/ oz", "name": "PowerBar Harvest Whole Grain Energy Bar Toffee Chocolate Chip", "cnid": "555", "productId": "128298", "size": "2.29 oz bar"},
{"thumb": "http://i4.peapod.com/c/KK/KKNHZ.gif", "price": "100", "unit_price": "$.44/ oz", "name": "PowerBar Performance Energy Bar Chocolate", "cnid": "555", "productId": "22170", "size": "2.29 oz bar"},
{"thumb": "http://i4.peapod.com/c/KK/KKNHZ.gif", "price": "100", "unit_price": "$.44/ oz", "name": "PowerBar Performance Energy Bar Chocolate Peanut Butter", "cnid": "555", "productId": "114009", "size": "2.29 oz bar"},
{"thumb": "http://i4.peapod.com/c/KK/KKNHZ.gif", "price": "100", "unit_price": "$.44/ oz", "name": "PowerBar Performance Energy Bar Cookies & Cream", "cnid": "555", "productId": "138272", "size": "2.29 oz bar"},
{"thumb": "http://i4.peapod.com/c/KK/KKNHZ.gif", "price": "100", "unit_price": "$.44/ oz", "name": "PowerBar Performance Energy Bar Peanut Butter", "cnid": "555", "productId": "82758", "size": "2.29 oz bar"},
{"thumb": "http://i4.peapod.com/c/KK/KKNHZ.gif", "price": "100", "unit_price": "$.44/ oz", "name": "PowerBar Performance Energy Bar Vanilla Crisp", "cnid": "555", "productId": "112802", "size": "2.29 oz bar"},
{"thumb": "http://i4.peapod.com/c/KK/KKNHZ.gif", "price": "100", "unit_price": "$1.02/ oz", "name": "PowerBar Pria 110 Plus Nutritional Bar Chocolate Peanut Crunch", "cnid": "555", "productId": "128296", "size": ".98 oz bar"},
{"thumb": "http://i4.peapod.com/c/KK/KKNHZ.gif", "price": "100", "unit_price": "$1.02/ oz", "name": "PowerBar Pria Nutritional Bar Double Chocolate Cookie", "cnid": "555", "productId": "128297", "size": ".98 oz bar"},
{"thumb": "http://i4.peapod.com/c/KK/KKNHZ.gif", "price": "100", "unit_price": "$1.02/ oz", "name": "PowerBar Pria Nutritional Bar Mint Chocolate Cookie", "cnid": "555", "productId": "140014", "size": ".98 oz bar"},
{"thumb": "http://i4.peapod.com/c/KK/KKNHZ.gif", "price": "166", "unit_price": "$.78/ oz", "name": "PowerBar ProteinPlus 23g Protein Bar Vanilla Yogurt", "cnid": "555", "productId": "114468", "size": "2.12 oz pkg"},
{"thumb": "http://i4.peapod.com/c/KK/KKNHZ.gif", "price": "100", "unit_price": "$.51/ oz", "name": "PowerBar Triple Threat Energy Bar Chocolate Peanut Butter Crisp Flavor", "cnid": "555", "productId": "156339", "size": "1.94 oz bar"},
{"thumb": "http://i4.peapod.com/c/KK/KKNHZ.gif", "price": "100", "unit_price": "$.51/ oz", "name": "PowerBar Triple Threat Layered Energy Bar Caramel Peanut Fusion", "cnid": "555", "productId": "156338", "size": "1.94 oz bar"},
{"thumb": "http://i4.peapod.com/c/KK/KKNHZ.gif", "price": "299", "unit_price": "$.46/ oz", "name": "Quaker Chewy Dipps Granola Bars Chocolate Chip - 6 ct", "cnid": "555", "productId": "126755", "size": "6.5 oz box"},
{"thumb": "http://i4.peapod.com/c/KK/KKNHZ.gif", "price": "299", "unit_price": "$.47/ oz", "name": "Quaker Chewy Dipps Granola Bars Peanut Butter - 6 ct", "cnid": "555", "productId": "126757", "size": "6.3 oz box"},
{"thumb": "http://i4.peapod.com/c/KK/KKNHZ.gif", "price": "329", "unit_price": "$.49/ oz", "name": "Quaker Chewy Granola Bars 25% Less Sugar Chocolate Chip - 8 ct", "cnid": "555", "productId": "138517", "size": "6.7 oz box"},
{"thumb": "http://i4.peapod.com/c/KK/KKNHZ.gif", "price": "329", "unit_price": "$.49/ oz", "name": "Quaker Chewy Granola Bars Chocolate Chip - 8 ct", "cnid": "555", "productId": "2854", "size": "6.7 oz box"},
{"thumb": "http://i4.peapod.com/c/KK/KKNHZ.gif", "price": "329", "unit_price": "$.49/ oz", "name": "Quaker Chewy Granola Bars Low Fat Chocolate Chunk - 8 ct", "cnid": "555", "productId": "28728", "size": "6.7 oz box"},
{"thumb": "http://i4.peapod.com/c/KK/KKNHZ.gif", "price": "329", "unit_price": "$.49/ oz", "name": "Quaker Chewy Granola Bars Low Fat Smores - 8 ct", "cnid": "555", "productId": "23824", "size": "6.7 oz box"},
{"thumb": "http://i4.peapod.com/c/KK/KKNHZ.gif", "price": "329", "unit_price": "$.49/ oz", "name": "Quaker Chewy Granola Bars Peanut Butter Chocolate - 8 ct", "cnid": "555", "productId": "23823", "size": "6.7 oz box"},
{"thumb": "http://i4.peapod.com/c/KK/KKNHZ.gif", "price": "329", "unit_price": "$.49/ oz", "name": "Quaker Chewy Granola Bars Variety Pack - 8 ct", "cnid": "555", "productId": "2857", "size": "6.7 oz box"},
{"thumb": "http://i4.peapod.com/c/KK/KKNHZ.gif", "price": "250", "unit_price": "$.34/ oz", "name": "Quaker Soft Baked Bars Cinnamon Pecan Bread - 5 ct", "cnid": "555", "productId": "177968", "size": "7.4 oz box"},
{"thumb": "http://i4.peapod.com/c/KK/KKNHZ.gif", "price": "599", "unit_price": "$.65/ oz", "name": "Slim-Fast 3-2-1 Plan Meal Bar Chocolate Cookie Dough - 5 ct", "cnid": "555", "productId": "168529", "size": "9.17 oz box"},
{"thumb": "http://i4.peapod.com/c/KK/KKNHZ.gif", "price": "599", "unit_price": "$.65/ oz", "name": "Slim-Fast 3-2-1 Plan Meal Bar Chocolate Fudge Brownie - 5 ct", "cnid": "555", "productId": "168530", "size": "9.17 oz box"},
{"thumb": "http://i4.peapod.com/c/KK/KKNHZ.gif", "price": "399", "unit_price": "$.82/ oz", "name": "Slim-Fast 3-2-1 Plan Snack Bar Peanut Butter Crunch 100 Calorie - 6 ct", "cnid": "555", "productId": "156347", "size": "4.86 oz box"},
{"thumb": "http://i4.peapod.com/c/KK/KKNHZ.gif", "price": "119", "unit_price": "$1.12/ oz", "name": "SOYJOY Fruit & Soy Bar Strawberry All Natural", "cnid": "555", "productId": "149040", "size": "1.06 oz bar"},
{"thumb": "http://i4.peapod.com/c/KK/KKNHZ.gif", "price": "119", "unit_price": "$1.12/ oz", "name": "SOYJOY Soy & Fruit Bar Berry All Natural", "cnid": "555", "productId": "145812", "size": "1.06 oz bar"},
{"thumb": "http://i4.peapod.com/c/KK/KKNHZ.gif", "price": "299", "unit_price": "$.36/ oz", "name": "Stop & Shop Chewy Granola Bars Chocolate Chip - 10 ct", "cnid": "555", "productId": "57761", "size": "8.4 oz box"},
{"thumb": "http://i4.peapod.com/c/KK/KKNHZ.gif", "price": "299", "unit_price": "$.36/ oz", "name": "Stop & Shop Chewy Granola Bars Chocolate Chunk - 10 ct", "cnid": "555", "productId": "127074", "size": "8.4 oz box"},
{"thumb": "http://i4.peapod.com/c/KK/KKNHZ.gif", "price": "299", "unit_price": "$.36/ oz", "name": "Stop & Shop Chewy Granola Bars Peanut Butter Chocolate - 10 ct", "cnid": "555", "productId": "57764", "size": "8.4 oz box"},
{"thumb": "http://i4.peapod.com/c/KK/KKNHZ.gif", "price": "299", "unit_price": "$.36/ oz", "name": "Stop & Shop Chewy Granola Bars Variety - 10 ct", "cnid": "555", "productId": "57759", "size": "8.4 oz box"},
{"thumb": "http://i4.peapod.com/c/KK/KKNHZ.gif", "price": "279", "unit_price": "$.27/ oz", "name": "Stop & Shop Fruit & Grain Cereal Bar Apple Cinnamon - 8 ct", "cnid": "555", "productId": "57769", "size": "10.4 oz box"},
{"thumb": "http://i4.peapod.com/c/KK/KKNHZ.gif", "price": "279", "unit_price": "$.27/ oz", "name": "Stop & Shop Fruit & Grain Cereal Bar Blueberry - 8 ct", "cnid": "555", "productId": "147166", "size": "10.4 oz box"},
{"thumb": "http://i4.peapod.com/c/KK/KKNHZ.gif", "price": "279", "unit_price": "$.27/ oz", "name": "Stop & Shop Fruit & Grain Cereal Bar Raspberry - 8 ct", "cnid": "555", "productId": "57767", "size": "10.4 oz box"},
{"thumb": "http://i4.peapod.com/c/KK/KKNHZ.gif", "price": "279", "unit_price": "$.27/ oz", "name": "Stop & Shop Fruit & Grain Cereal Bar Strawberry - 8 ct", "cnid": "555", "productId": "57772", "size": "10.4 oz box"},
{"thumb": "http://i4.peapod.com/c/KK/KKNHZ.gif", "price": "125", "unit_price": "$.71/ oz", "name": "ZonePerfect Nutrition Bar Chocolate Caramel Cluster All Natural", "cnid": "555", "productId": "135577", "size": "1.76 oz bar"},
{"thumb": "http://i4.peapod.com/c/KK/KKNHZ.gif", "price": "125", "unit_price": "$.71/ oz", "name": "ZonePerfect Nutrition Bar Chocolate Peanut Butter All Natural", "cnid": "555", "productId": "116296", "size": "1.76 oz bar"},
{"thumb": "http://i4.peapod.com/c/KK/KKNHZ.gif", "price": "125", "unit_price": "$.79/ oz", "name": "ZonePerfect Nutrition Bar Dark Chocolate Caramel Pecan All Natural", "cnid": "555", "productId": "155239", "size": "1.58 oz bar"},
{"thumb": "http://i4.peapod.com/c/KK/KKNHZ.gif", "price": "125", "unit_price": "$.79/ oz", "name": "ZonePerfect Nutrition Bar Dark Chocolate Strawberry", "cnid": "555", "productId": "152197", "size": "1.58 oz bar"},
{"thumb": "http://i4.peapod.com/c/KK/KKNHZ.gif", "price": "125", "unit_price": "$.71/ oz", "name": "ZonePerfect Nutrition Bar Fudge Graham All Natural", "cnid": "555", "productId": "137672", "size": "1.76 oz bar"},
{"thumb": "http://i4.peapod.com/c/KK/KKNHZ.gif", "price": "125", "unit_price": "$.71/ oz", "name": "ZonePerfect Nutrition Bar Strawberry Yogurt All Natural", "cnid": "555", "productId": "116297", "size": "1.76 oz bar"},
{"thumb": "http://i4.peapod.com/c/KK/KKNHZ.gif", "price": "250", "unit_price": "$.08/ oz", "name": "Aunt Jemima Complete Pancake & Waffle Mix", "cnid": "566", "productId": "2858", "size": "32 oz box"},
{"thumb": "http://i4.peapod.com/c/KK/KKNHZ.gif", "price": "250", "unit_price": "$.08/ oz", "name": "Aunt Jemima Complete Pancake Mix Buttermilk", "cnid": "566", "productId": "2861", "size": "32 oz box"},
{"thumb": "http://i4.peapod.com/c/KK/KKNHZ.gif", "price": "250", "unit_price": "$.08/ oz", "name": "Aunt Jemima Pancake Mix Original", "cnid": "566", "productId": "2856", "size": "32 oz box"},
{"thumb": "http://i4.peapod.com/c/KK/KKNHZ.gif", "price": "250", "unit_price": "$.07/ oz", "name": "Aunt Jemima Pancake Mix Whole Wheat", "cnid": "566", "productId": "2860", "size": "35 oz box"},
{"thumb": "http://i4.peapod.com/c/KK/KKNHZ.gif", "price": "439", "unit_price": "$.11/ oz", "name": "Bisquick Baking & Pancake Mix", "cnid": "566", "productId": "1099", "size": "40 oz box"},
{"thumb": "http://i4.peapod.com/c/KK/KKNHZ.gif", "price": "439", "unit_price": "$.11/ oz", "name": "Bisquick Heart Smart Baking & Pancake Mix Low Fat", "cnid": "566", "productId": "18531", "size": "40 oz box"},
{"thumb": "http://i4.peapod.com/c/KK/KKNHZ.gif", "price": "199", "unit_price": "$.39/ oz", "name": "Bisquick Shake 'n Pour Pancake Mix Buttermilk", "cnid": "566", "productId": "1136", "size": "5.1 oz btl"},
{"thumb": "http://i4.peapod.com/c/KK/KKNHZ.gif", "price": "279", "unit_price": "$.26/ oz", "name": "Bisquick Shake 'n Pour Pancake Mix Buttermilk", "cnid": "566", "productId": "141908", "size": "10.6 oz jug"},
{"thumb": "http://i4.peapod.com/c/KK/KKNHZ.gif", "price": "299", "unit_price": "$.11/ oz", "name": "Log Cabin Pancake Mix All Natural", "cnid": "566", "productId": "189756", "size": "28 oz box"},
{"thumb": "http://i4.peapod.com/c/KK/KKNHZ.gif", "price": "569", "unit_price": "$.63/ oz", "name": "Manischewitz Griddle Pancake Mix", "cnid": "566", "productId": "18832", "size": "9 oz box"},
{"thumb": "http://i4.peapod.com/c/KK/KKNHZ.gif", "price": "250", "unit_price": "$.42/ oz", "name": "Manischewitz Potato Pancake Mix", "cnid": "566", "productId": "8775", "size": "6 oz box"},
{"thumb": "http://i4.peapod.com/c/KK/KKNHZ.gif", "price": "400", "unit_price": "$.17/ oz", "name": "Maple Grove Farms Pancake & Waffle Mix Buttermilk & Honey", "cnid": "566", "productId": "57569", "size": "24 oz box"},
{"thumb": "http://i4.peapod.com/c/KK/KKNHZ.gif", "price": "400", "unit_price": "$.17/ oz", "name": "Maple Grove Farms Pancake & Waffle Mix Honey Buckwheat All Natural", "cnid": "566", "productId": "162009", "size": "24 oz pkg"},
{"thumb": "http://i4.peapod.com/c/KK/KKNHZ.gif", "price": "699", "unit_price": "$.29/ oz", "name": "Pamela's Baking & Pancake Mix Gluten & Wheat Free All Natural", "cnid": "566", "productId": "156524", "size": "24 oz pkg"},
{"thumb": "http://i4.peapod.com/c/KK/KKNHZ.gif", "price": "269", "unit_price": "$.08/ oz", "name": "Stop & Shop Complete Pancake & Waffle Mix Buttermilk", "cnid": "566", "productId": "57568", "size": "32 oz box"},
{"thumb": "http://i4.peapod.com/c/KK/KKNHZ.gif", "price": "250", "unit_price": "$.42/ oz", "name": "Streit's Potato Pancake Mix", "cnid": "566", "productId": "149544", "size": "6 oz box"},
{"thumb": "http://i4.peapod.com/c/KK/KKNHZ.gif", "price": "279", "unit_price": "$.47/ oz", "name": "Amy's Breakfast Burrito Made with Organic Black Beans & Tomatoes", "cnid": "549", "productId": "47726", "size": "6 oz pkg"},
{"thumb": "http://i4.peapod.com/c/KK/KKNHZ.gif", "price": "250", "unit_price": "$.20/ oz", "name": "Aunt Jemima French Toast Cinnamon - 6 ct", "cnid": "549", "productId": "2870", "size": "12.5 oz box"},
{"thumb": "http://i4.peapod.com/c/KK/KKNHZ.gif", "price": "250", "unit_price": "$.20/ oz", "name": "Aunt Jemima French Toast Homestyle - 6 ct", "cnid": "549", "productId": "22810", "size": "12.5 oz box"},
{"thumb": "http://i4.peapod.com/c/KK/KKNHZ.gif", "price": "250", "unit_price": "$.20/ oz", "name": "Aunt Jemima French Toast Sticks Cinnamon - 16 ct", "cnid": "549", "productId": "105945", "size": "12.5 oz box"},
{"thumb": "http://i4.peapod.com/c/KK/KKNHZ.gif", "price": "185", "unit_price": "$.31/ oz", "name": "Aunt Jemima Great Starts Pancakes & Sausage", "cnid": "549", "productId": "7236", "size": "6 oz box"},
{"thumb": "http://i4.peapod.com/c/KK/KKNHZ.gif", "price": "185", "unit_price": "$.35/ oz", "name": "Aunt Jemima Great Starts Scrambled Eggs & Bacon with Hash Brown Potatoes", "cnid": "549", "productId": "7233", "size": "5.25 oz box"},
{"thumb": "http://i4.peapod.com/c/KK/KKNHZ.gif", "price": "250", "unit_price": "$.17/ oz", "name": "Aunt Jemima Pancakes Blueberry - 12 ct", "cnid": "549", "productId": "158022", "size": "14.8 oz box"},
{"thumb": "http://i4.peapod.com/c/KK/KKNHZ.gif", "price": "250", "unit_price": "$.18/ oz", "name": "Aunt Jemima Pancakes Buttermilk - 12 ct", "cnid": "549", "productId": "2869", "size": "13.7 oz box"},
{"thumb": "http://i4.peapod.com/c/KK/KKNHZ.gif", "price": "250", "unit_price": "$.18/ oz", "name": "Aunt Jemima Pancakes Homestyle - 12 ct", "cnid": "549", "productId": "2871", "size": "13.7 oz box"},
{"thumb": "http://i4.peapod.com/c/KK/KKNHZ.gif", "price": "250", "unit_price": "$.17/ oz", "name": "Aunt Jemima Pancakes Mini - 40 ct", "cnid": "549", "productId": "105946", "size": "14.5 oz box"},
{"thumb": "http://i4.peapod.com/c/KK/KKNHZ.gif", "price": "399", "unit_price": "$.31/ oz", "name": "Golden Blintzes Apple Raisin - 6 ct Frozen", "cnid": "549", "productId": "160846", "size": "13 oz box"},
{"thumb": "http://i4.peapod.com/c/KK/KKNHZ.gif", "price": "399", "unit_price": "$.31/ oz", "name": "Golden Blintzes Blueberry All Natural - 6 ct Frozen", "cnid": "549", "productId": "18230", "size": "13 oz box"},
{"thumb": "http://i4.peapod.com/c/KK/KKNHZ.gif", "price": "399", "unit_price": "$.31/ oz", "name": "Golden Blintzes Cheese - 6 ct Frozen", "cnid": "549", "productId": "18229", "size": "13 oz box"},
{"thumb": "http://i4.peapod.com/c/KK/KKNHZ.gif", "price": "399", "unit_price": "$.31/ oz", "name": "Golden Blintzes Potato - 6 ct Frozen", "cnid": "549", "productId": "160845", "size": "13 oz box"},
{"thumb": "http://i4.peapod.com/c/KK/KKNHZ.gif", "price": "629", "unit_price": "$.35/ oz", "name": "Jimmy Dean Biscuit Sandwiches Sausage, Egg & Cheese - 4 ct", "cnid": "549", "productId": "155944", "size": "18 oz box"},
{"thumb": "http://i4.peapod.com/c/KK/KKNHZ.gif", "price": "629", "unit_price": "$.37/ oz", "name": "Jimmy Dean Biscuits Sausage Snack Size - 10 ct", "cnid": "549", "productId": "162945", "size": "17 oz box"},
{"thumb": "http://i4.peapod.com/c/KK/KKNHZ.gif", "price": "329", "unit_price": "$.41/ oz", "name": "Jimmy Dean Breakfast Bowls Sausage", "cnid": "549", "productId": "153133", "size": "8 oz pkg"},
{"thumb": "http://i4.peapod.com/c/KK/KKNHZ.gif", "price": "629", "unit_price": "$.35/ oz", "name": "Jimmy Dean Croissant Sandwiches with Sausage, Egg & Cheese - 4 ct", "cnid": "549", "productId": "160666", "size": "18 oz box"},
{"thumb": "http://i4.peapod.com/c/KK/KKNHZ.gif", "price": "669", "unit_price": "$.37/ oz", "name": "Jimmy Dean Delights Honey Wheat Muffin Canadian Bacon Egg White Cheese 4ct", "cnid": "549", "productId": "153149", "size": "18 oz pkg"},
{"thumb": "http://i4.peapod.com/c/KK/KKNHZ.gif", "price": "669", "unit_price": "$.33/ oz", "name": "Jimmy Dean Delights Muffin Sandwich Turkey Sausage, Egg White, Cheese-4 ct", "cnid": "549", "productId": "153148", "size": "20.4 oz box"},
{"thumb": "http://i4.peapod.com/c/KK/KKNHZ.gif", "price": "629", "unit_price": "$.34/ oz", "name": "Jimmy Dean Muffin Sandwiches with Sausage, Egg & Cheese - 4 ct", "cnid": "549", "productId": "160567", "size": "18.4 oz box"},
{"thumb": "http://i4.peapod.com/c/KK/KKNHZ.gif", "price": "399", "unit_price": "$.46/ oz", "name": "Jimmy Dean Omelets Three Cheese - 2 ct", "cnid": "549", "productId": "162458", "size": "8.6 oz box"},
{"thumb": "http://i4.peapod.com/c/KK/KKNHZ.gif", "price": "369", "unit_price": "$.35/ oz", "name": "Kashi Waffles Blueberry All Natural - 8 ct", "cnid": "549", "productId": "129429", "size": "10.6 oz box"},
{"thumb": "http://i4.peapod.com/c/KK/KKNHZ.gif", "price": "319", "unit_price": "$.23/ oz", "name": "Kellogg's Eggo Pancakes Buttermilk Minis - 40 ct", "cnid": "549", "productId": "139323", "size": "14.1 oz box"},
{"thumb": "http://i4.peapod.com/c/KK/KKNHZ.gif", "price": "319", "unit_price": "$.22/ oz", "name": "Kellogg's Eggo Pancakes Chocolate Chip - 12 ct", "cnid": "549", "productId": "154312", "size": "14.8 oz box"},
{"thumb": "http://i4.peapod.com/c/KK/KKNHZ.gif", "price": "319", "unit_price": "$.26/ oz", "name": "Kellogg's Eggo Waffles Blueberry - 10 ct", "cnid": "549", "productId": "3940", "size": "12.3 oz box"},
{"thumb": "http://i4.peapod.com/c/KK/KKNHZ.gif", "price": "569", "unit_price": "$.19/ oz", "name": "Kellogg's Eggo Waffles Blueberry Family Pack - 24 ct", "cnid": "549", "productId": "162947", "size": "29.6 oz box"},
{"thumb": "http://i4.peapod.com/c/KK/KKNHZ.gif", "price": "319", "unit_price": "$.26/ oz", "name": "Kellogg's Eggo Waffles Buttermilk - 10 ct", "cnid": "549", "productId": "3935", "size": "12.3 oz box"},
{"thumb": "http://i4.peapod.com/c/KK/KKNHZ.gif", "price": "319", "unit_price": "$.26/ oz", "name": "Kellogg's Eggo Waffles Chocolate Chip - 10 ct", "cnid": "549", "productId": "110495", "size": "12.3 oz box"},
{"thumb": "http://i4.peapod.com/c/KK/KKNHZ.gif", "price": "569", "unit_price": "$.22/ oz", "name": "Kellogg's Eggo Waffles Cinnamon Toast Family Pack - 24 ct", "cnid": "549", "productId": "163085", "size": "25.8 oz box"},
{"thumb": "http://i4.peapod.com/c/KK/KKNHZ.gif", "price": "319", "unit_price": "$.25/ oz", "name": "Kellogg's Eggo Waffles French Toast - 8 ct", "cnid": "549", "productId": "148501", "size": "12.6 oz box"},
{"thumb": "http://i4.peapod.com/c/KK/KKNHZ.gif", "price": "319", "unit_price": "$.26/ oz", "name": "Kellogg's Eggo Waffles Homestyle - 10 ct", "cnid": "549", "productId": "3937", "size": "12.3 oz box"},
{"thumb": "http://i4.peapod.com/c/KK/KKNHZ.gif", "price": "319", "unit_price": "$.29/ oz", "name": "Kellogg's Eggo Waffles Homestyle Minis - 10 ct", "cnid": "549", "productId": "133615", "size": "10.9 oz box"},
{"thumb": "http://i4.peapod.com/c/KK/KKNHZ.gif", "price": "319", "unit_price": "$.30/ oz", "name": "Kellogg's Eggo Waffles Miniature Cinnamon Toast - 10 ct", "cnid": "549", "productId": "34109", "size": "10.7 oz box"},
{"thumb": "http://i4.peapod.com/c/KK/KKNHZ.gif", "price": "329", "unit_price": "$.27/ oz", "name": "Kellogg's Eggo Waffles Nutri-Grain Blueberry - 10 ct", "cnid": "549", "productId": "153295", "size": "12.3 oz box"},
{"thumb": "http://i4.peapod.com/c/KK/KKNHZ.gif", "price": "329", "unit_price": "$.27/ oz", "name": "Kellogg's Eggo Waffles Nutri-Grain Honey Oat - 10 ct", "cnid": "549", "productId": "163184", "size": "12.3 oz box"},
{"thumb": "http://i4.peapod.com/c/KK/KKNHZ.gif", "price": "329", "unit_price": "$.27/ oz", "name": "Kellogg's Eggo Waffles Nutri-Grain Low Fat - 10 ct", "cnid": "549", "productId": "110817", "size": "12.3 oz box"},
{"thumb": "http://i4.peapod.com/c/KK/KKNHZ.gif", "price": "329", "unit_price": "$.27/ oz", "name": "Kellogg's Eggo Waffles Nutri-Grain Whole Wheat - 10 ct", "cnid": "549", "productId": "3932", "size": "12.3 oz box"},
{"thumb": "http://i4.peapod.com/c/KK/KKNHZ.gif", "price": "319", "unit_price": "$.26/ oz", "name": "Kellogg's Eggo Waffles Strawberry - 10 ct", "cnid": "549", "productId": "3934", "size": "12.3 oz box"},
{"thumb": "http://i4.peapod.com/c/KK/KKNHZ.gif", "price": "333", "unit_price": "$.37/ oz", "name": "Lean Pockets Breakfast Sausage, Egg & Cheese - 2 ct", "cnid": "549", "productId": "133178", "size": "9 oz box"},
{"thumb": "http://i4.peapod.com/c/KK/KKNHZ.gif", "price": "233", "unit_price": "$.23/ oz", "name": "Pillsbury Toaster Scrambles Cheese, Egg & Bacon - 6 ct", "cnid": "549", "productId": "94985", "size": "10 oz box"},
{"thumb": "http://i4.peapod.com/c/KK/KKNHZ.gif", "price": "233", "unit_price": "$.20/ oz", "name": "Pillsbury Toaster Strudel Apple - 6 ct", "cnid": "549", "productId": "12093", "size": "11.5 oz box"},
{"thumb": "http://i4.peapod.com/c/KK/KKNHZ.gif", "price": "233", "unit_price": "$.20/ oz", "name": "Pillsbury Toaster Strudel Cinnamon Roll Made with Cinnabon Cinnamon - 6 ct", "cnid": "549", "productId": "12094", "size": "11.5 oz box"},
{"thumb": "http://i4.peapod.com/c/KK/KKNHZ.gif", "price": "233", "unit_price": "$.20/ oz", "name": "Pillsbury Toaster Strudel Raspberry - 6 ct", "cnid": "549", "productId": "24885", "size": "11.5 oz box"},
{"thumb": "http://i4.peapod.com/c/KK/KKNHZ.gif", "price": "233", "unit_price": "$.20/ oz", "name": "Pillsbury Toaster Strudel Strawberry - 6 ct", "cnid": "549", "productId": "12095", "size": "11.5 oz box"},
{"thumb": "http://i4.peapod.com/c/KK/KKNHZ.gif", "price": "429", "unit_price": "$.30/ oz", "name": "Stop & Shop Biscuit Sandwiches Bacon, Egg & Cheese - 4 ct", "cnid": "549", "productId": "174862", "size": "14.4 oz box"},
{"thumb": "http://i4.peapod.com/c/KK/KKNHZ.gif", "price": "250", "unit_price": "$.16/ oz", "name": "Stop & Shop French Toast Sticks Double Cinnamon", "cnid": "549", "productId": "162062", "size": "16 oz box"},
{"thumb": "http://i4.peapod.com/c/KK/KKNHZ.gif", "price": "167", "unit_price": "$.14/ oz", "name": "Stop & Shop Waffles Buttermilk - 10 ct", "cnid": "549", "productId": "156873", "size": "12.3 oz box"},
{"thumb": "http://i4.peapod.com/c/KK/KKNHZ.gif", "price": "279", "unit_price": "$.33/ oz", "name": "Van's Organics Waffles Blueberry with a Vitamin Boost All Natural - 6 ct", "cnid": "549", "productId": "122953", "size": "8.5 oz box"},
{"thumb": "http://i4.peapod.com/c/KK/KKNHZ.gif", "price": "279", "unit_price": "$.33/ oz", "name": "Van's Waffles Blueberry Wheat & Gluten Free All Natural - 6 ct", "cnid": "549", "productId": "135276", "size": "8.5 oz box"},
{"thumb": "http://i4.peapod.com/c/KK/KKNHZ.gif", "price": "279", "unit_price": "$.35/ oz", "name": "Van's Waffles Lite 97% Fat Free All Natural - 6 ct", "cnid": "549", "productId": "129431", "size": "8 oz box"},
{"thumb": "http://i4.peapod.com/c/KK/KKNHZ.gif", "price": "279", "unit_price": "$.31/ oz", "name": "Van's Waffles Wheat & Gluten Free All Natural - 6 ct", "cnid": "549", "productId": "146503", "size": "9 oz box"},
{"thumb": "http://i4.peapod.com/c/KK/KKNHZ.gif", "price": "300", "unit_price": "$.38/ oz", "name": "Weight Watchers Smart Ones English Muffin Sandwich Egg Whites & Cheese 2ct", "cnid": "549", "productId": "152620", "size": "8 oz box"},
{"thumb": "http://i4.peapod.com/c/KK/KKNHZ.gif", "price": "300", "unit_price": "$.38/ oz", "name": "Weight Watchers Smart Ones Morning Express Breakfast Quesadillas - 2ct", "cnid": "549", "productId": "152560", "size": "8 oz box"},
{"thumb": "http://i4.peapod.com/c/KK/KKNHZ.gif", "price": "300", "unit_price": "$.46/ oz", "name": "Weight Watchers Smart Ones Morning Express Cheesy Scramble w/Hash Browns", "cnid": "549", "productId": "166178", "size": "6.49 oz box"},
{"thumb": "http://i4.peapod.com/c/KK/KKNHZ.gif", "price": "569", "unit_price": "$.41/ oz", "name": "Alpen Muesli Cereal No Sugar Added All Natural", "cnid": "531", "productId": "36405", "size": "14 oz box"},
{"thumb": "http://i4.peapod.com/c/KK/KKNHZ.gif", "price": "299", "unit_price": "$.30/ oz", "name": "Barbara's Puffins Cereal Cinnamon All Natural", "cnid": "531", "productId": "129616", "size": "10 oz box"},
{"thumb": "http://i4.peapod.com/c/KK/KKNHZ.gif", "price": "299", "unit_price": "$.30/ oz", "name": "Barbara's Puffins Cereal Original All Natural", "cnid": "531", "productId": "77031", "size": "10 oz box"},
{"thumb": "http://i4.peapod.com/c/KK/KKNHZ.gif", "price": "299", "unit_price": "$.27/ oz", "name": "Barbara's Puffins Cereal Peanut Butter All Natural", "cnid": "531", "productId": "145018", "size": "11 oz box"},
{"thumb": "http://i4.peapod.com/c/KK/KKNHZ.gif", "price": "399", "unit_price": "$.33/ oz", "name": "Bear Naked Fit Granola Triple Berry Crunch 100% Natural", "cnid": "531", "productId": "139996", "size": "12 oz bag"},
{"thumb": "http://i4.peapod.com/c/KK/KKNHZ.gif", "price": "399", "unit_price": "$.33/ oz", "name": "Bear Naked Fit Granola Vanilla Almond Crunch 100% Natural", "cnid": "531", "productId": "139997", "size": "12 oz bag"},
{"thumb": "http://i4.peapod.com/c/KK/KKNHZ.gif", "price": "399", "unit_price": "$.33/ oz", "name": "Bear Naked Granola Fruit & Nut 100% Natural", "cnid": "531", "productId": "138756", "size": "12 oz bag"},
{"thumb": "http://i4.peapod.com/c/KK/KKNHZ.gif", "price": "449", "unit_price": "$.43/ oz", "name": "Cascadian Farm Cereal Honey Nut O's Whole Grain with Almonds Organic", "cnid": "531", "productId": "131412", "size": "10.4 oz box"},
{"thumb": "http://i4.peapod.com/c/KK/KKNHZ.gif", "price": "449", "unit_price": "$.50/ oz", "name": "Cascadian Farm Cereal Purely O's Organic", "cnid": "531", "productId": "156313", "size": "9 oz box"},
{"thumb": "http://i4.peapod.com/c/KK/KKNHZ.gif", "price": "399", "unit_price": "$.28/ oz", "name": "Cascadian Farm Cereal Raisin Bran Organic", "cnid": "531", "productId": "161509", "size": "14 oz box"},
{"thumb": "http://i4.peapod.com/c/KK/KKNHZ.gif", "price": "449", "unit_price": "$.34/ oz", "name": "Cascadian Farm Cereal Squares Multigrain Organic", "cnid": "531", "productId": "131411", "size": "13 oz box"},
{"thumb": "http://i4.peapod.com/c/KK/KKNHZ.gif", "price": "449", "unit_price": "$.26/ oz", "name": "Cascadian Farm Granola Oats & Honey Organic", "cnid": "531", "productId": "132375", "size": "17 oz box"},
{"thumb": "http://i4.peapod.com/c/KK/KKNHZ.gif", "price": "449", "unit_price": "$.44/ oz", "name": "Cascadian Farm Kids Cereal Cinnamon Crunch Organic", "cnid": "531", "productId": "156312", "size": "10.3 oz box"},
{"thumb": "http://i4.peapod.com/c/KK/KKNHZ.gif", "price": "439", "unit_price": "$.40/ oz", "name": "Cascadian Farm Kids Cereal Fruitful O's Organic", "cnid": "531", "productId": "162016", "size": "11 oz box"},
{"thumb": "http://i4.peapod.com/c/KK/KKNHZ.gif", "price": "449", "unit_price": "$.28/ oz", "name": "General Mills Basic Four Cereal", "cnid": "531", "productId": "1164", "size": "16 oz box"},
{"thumb": "http://i4.peapod.com/c/KK/KKNHZ.gif", "price": "459", "unit_price": "$.27/ oz", "name": "General Mills Cereal Raisin Nut Bran", "cnid": "531", "productId": "1174", "size": "17.1 oz box"},
{"thumb": "http://i4.peapod.com/c/KK/KKNHZ.gif", "price": "100", "unit_price": "$.77/ oz", "name": "General Mills Cheerios Cereal", "cnid": "531", "productId": "158515", "size": "1.3 oz box"},
{"thumb": "http://i4.peapod.com/c/KK/KKNHZ.gif", "price": "459", "unit_price": "$.25/ oz", "name": "General Mills Cheerios Cereal", "cnid": "531", "productId": "1181", "size": "18 oz box"},
{"thumb": "http://i4.peapod.com/c/KK/KKNHZ.gif", "price": "399", "unit_price": "$.28/ oz", "name": "General Mills Cheerios Cereal", "cnid": "531", "productId": "1180", "size": "14 oz box"},
{"thumb": "http://i4.peapod.com/c/KK/KKNHZ.gif", "price": "379", "unit_price": "$.29/ oz", "name": "General Mills Cheerios Cereal Apple Cinnamon", "cnid": "531", "productId": "1158", "size": "12.9 oz box"},
{"thumb": "http://i4.peapod.com/c/KK/KKNHZ.gif", "price": "425", "unit_price": "$.24/ oz", "name": "General Mills Cheerios Cereal Apple Cinnamon", "cnid": "531", "productId": "1159", "size": "18 oz box"},
{"thumb": "http://i4.peapod.com/c/KK/KKNHZ.gif", "price": "279", "unit_price": "$.26/ oz", "name": "General Mills Cheerios Cereal Banana Nut", "cnid": "531", "productId": "153955", "size": "10.9 oz box"},
{"thumb": "http://i4.peapod.com/c/KK/KKNHZ.gif", "price": "379", "unit_price": "$.34/ oz", "name": "General Mills Cheerios Cereal Chocolate", "cnid": "531", "productId": "158012", "size": "11.2 oz box"},
{"thumb": "http://i4.peapod.com/c/KK/KKNHZ.gif", "price": "279", "unit_price": "$.23/ oz", "name": "General Mills Cheerios Cereal Fruity", "cnid": "531", "productId": "141907", "size": "12 oz box"},
{"thumb": "http://i4.peapod.com/c/KK/KKNHZ.gif", "price": "100", "unit_price": "$.56/ oz", "name": "General Mills Cheerios Cereal Honey Nut", "cnid": "531", "productId": "158517", "size": "1.8 oz cup"},
{"thumb": "http://i4.peapod.com/c/KK/KKNHZ.gif", "price": "499", "unit_price": "$.29/ oz", "name": "General Mills Cheerios Cereal Honey Nut", "cnid": "531", "productId": "1182", "size": "17 oz box"},
{"thumb": "http://i4.peapod.com/c/KK/KKNHZ.gif", "price": "499", "unit_price": "$.31/ oz", "name": "General Mills Cheerios Cereal Multigrain", "cnid": "531", "productId": "154917", "size": "16.2 oz box"},
{"thumb": "http://i4.peapod.com/c/KK/KKNHZ.gif", "price": "399", "unit_price": "$.31/ oz", "name": "General Mills Cheerios Cereal Multigrain", "cnid": "531", "productId": "13426", "size": "12.8 oz box"},
{"thumb": "http://i4.peapod.com/c/KK/KKNHZ.gif", "price": "379", "unit_price": "$.34/ oz", "name": "General Mills Cheerios Cereal Multigrain Peanut Butter", "cnid": "531", "productId": "175127", "size": "11.3 oz box"},
{"thumb": "http://i4.peapod.com/c/KK/KKNHZ.gif", "price": "399", "unit_price": "$.29/ oz", "name": "General Mills Chex Cereal Apple Cinnamon Gluten Free", "cnid": "531", "productId": "186909", "size": "13.7 oz box"},
{"thumb": "http://i4.peapod.com/c/KK/KKNHZ.gif", "price": "399", "unit_price": "$.30/ oz", "name": "General Mills Chex Cereal Cinnamon", "cnid": "531", "productId": "158535", "size": "13.5 oz box"},
{"thumb": "http://i4.peapod.com/c/KK/KKNHZ.gif", "price": "399", "unit_price": "$.28/ oz", "name": "General Mills Chex Cereal Corn", "cnid": "531", "productId": "1317", "size": "14 oz box"},
{"thumb": "http://i4.peapod.com/c/KK/KKNHZ.gif", "price": "399", "unit_price": "$.29/ oz", "name": "General Mills Chex Cereal Honey Nut", "cnid": "531", "productId": "109165", "size": "13.8 oz box"},
{"thumb": "http://i4.peapod.com/c/KK/KKNHZ.gif", "price": "399", "unit_price": "$.31/ oz", "name": "General Mills Chex Cereal Rice", "cnid": "531", "productId": "1313", "size": "12.8 oz box"},
{"thumb": "http://i4.peapod.com/c/KK/KKNHZ.gif", "price": "399", "unit_price": "$.28/ oz", "name": "General Mills Chex Cereal Wheat", "cnid": "531", "productId": "1311", "size": "14 oz box"},
{"thumb": "http://i4.peapod.com/c/KK/KKNHZ.gif", "price": "459", "unit_price": "$.28/ oz", "name": "General Mills Cinnamon Toast Crunch Cereal", "cnid": "531", "productId": "17675", "size": "16.2 oz box"},
{"thumb": "http://i4.peapod.com/c/KK/KKNHZ.gif", "price": "499", "unit_price": "$.25/ oz", "name": "General Mills Cinnamon Toast Crunch Cereal", "cnid": "531", "productId": "128334", "size": "20.2 oz box"},
{"thumb": "http://i4.peapod.com/c/KK/KKNHZ.gif", "price": "379", "unit_price": "$.31/ oz", "name": "General Mills Cinnamon Toast Crunch Cereal", "cnid": "531", "productId": "1168", "size": "12.2 oz box"},
{"thumb": "http://i4.peapod.com/c/KK/KKNHZ.gif", "price": "369", "unit_price": "$.31/ oz", "name": "General Mills Cocoa Puffs Cereal", "cnid": "531", "productId": "1189", "size": "11.8 oz box"},
{"thumb": "http://i4.peapod.com/c/KK/KKNHZ.gif", "price": "459", "unit_price": "$.28/ oz", "name": "General Mills Cocoa Puffs Cereal", "cnid": "531", "productId": "26854", "size": "16.5 oz box"},
{"thumb": "http://i4.peapod.com/c/KK/KKNHZ.gif", "price": "419", "unit_price": "$.37/ oz", "name": "General Mills Cookie Crisp Cereal Chocolate Chip", "cnid": "531", "productId": "1315", "size": "11.2 oz box"},
{"thumb": "http://i4.peapod.com/c/KK/KKNHZ.gif", "price": "439", "unit_price": "$.27/ oz", "name": "General Mills Fiber One Cereal Bran", "cnid": "531", "productId": "19156", "size": "16.2 oz box"},
{"thumb": "http://i4.peapod.com/c/KK/KKNHZ.gif", "price": "439", "unit_price": "$.31/ oz", "name": "General Mills Fiber One Cereal Honey Clusters", "cnid": "531", "productId": "136579", "size": "14.2 oz box"},
{"thumb": "http://i4.peapod.com/c/KK/KKNHZ.gif", "price": "439", "unit_price": "$.25/ oz", "name": "General Mills Fiber One Cereal Raisin Bran Clusters", "cnid": "531", "productId": "145337", "size": "17.2 oz box"},
{"thumb": "http://i4.peapod.com/c/KK/KKNHZ.gif", "price": "449", "unit_price": "$.28/ oz", "name": "General Mills Golden Grahams Cereal", "cnid": "531", "productId": "1188", "size": "16 oz box"},
{"thumb": "http://i4.peapod.com/c/KK/KKNHZ.gif", "price": "439", "unit_price": "$.37/ oz", "name": "General Mills Kix Cereal", "cnid": "531", "productId": "24443", "size": "12 oz box"},
{"thumb": "http://i4.peapod.com/c/KK/KKNHZ.gif", "price": "499", "unit_price": "$.28/ oz", "name": "General Mills Kix Cereal", "cnid": "531", "productId": "51165", "size": "18 oz box"},
{"thumb": "http://i4.peapod.com/c/KK/KKNHZ.gif", "price": "549", "unit_price": "$.27/ oz", "name": "General Mills Lucky Charms Cereal", "cnid": "531", "productId": "128335", "size": "20.5 oz box"},
{"thumb": "http://i4.peapod.com/c/KK/KKNHZ.gif", "price": "399", "unit_price": "$.35/ oz", "name": "General Mills Lucky Charms Cereal", "cnid": "531", "productId": "1193", "size": "11.5 oz box"},
{"thumb": "http://i4.peapod.com/c/KK/KKNHZ.gif", "price": "449", "unit_price": "$.25/ oz", "name": "General Mills Oatmeal Crisp Cereal with Raisins", "cnid": "531", "productId": "67600", "size": "18 oz box"},
{"thumb": "http://i4.peapod.com/c/KK/KKNHZ.gif", "price": "369", "unit_price": "$.28/ oz", "name": "General Mills Reese's Cereal Peanut Butter Puffs", "cnid": "531", "productId": "38144", "size": "13 oz box"},
{"thumb": "http://i4.peapod.com/c/KK/KKNHZ.gif", "price": "449", "unit_price": "$.25/ oz", "name": "General Mills Total Cereal Raisin Bran", "cnid": "531", "productId": "67601", "size": "18.2 oz box"},
{"thumb": "http://i4.peapod.com/c/KK/KKNHZ.gif", "price": "419", "unit_price": "$.28/ oz", "name": "General Mills Trix Cereal", "cnid": "531", "productId": "1186", "size": "14.8 oz box"},
{"thumb": "http://i4.peapod.com/c/KK/KKNHZ.gif", "price": "499", "unit_price": "$.32/ oz", "name": "General Mills Wheaties Cereal", "cnid": "531", "productId": "1176", "size": "15.6 oz box"},
{"thumb": "http://i4.peapod.com/c/KK/KKNHZ.gif", "price": "100", "unit_price": "$.12/ oz", "name": "Guaranteed Value Cereal Puffed Wheat Golden Honey", "cnid": "531", "productId": "163253", "size": "8 oz box"},
{"thumb": "http://i4.peapod.com/c/KK/KKNHZ.gif", "price": "279", "unit_price": "$.17/ oz", "name": "Hodgson Mill Hot Cereal Oat Bran All Natural", "cnid": "531", "productId": "16063", "size": "16 oz box"},
{"thumb": "http://i4.peapod.com/c/KK/KKNHZ.gif", "price": "249", "unit_price": "$.14/ oz", "name": "Hodgson Mill Oats Steel Cut 100% Whole Grain Premium All Natural", "cnid": "531", "productId": "163575", "size": "18 oz box"},
{"thumb": "http://i4.peapod.com/c/KK/KKNHZ.gif", "price": "449", "unit_price": "$.22/ oz", "name": "Kashi 7 Whole Grain Cereal Nuggets", "cnid": "531", "productId": "146108", "size": "20 oz box"},
{"thumb": "http://i4.peapod.com/c/KK/KKNHZ.gif", "price": "339", "unit_price": "$.52/ oz", "name": "Kashi 7 Whole Grain Cereal Puffs", "cnid": "531", "productId": "1470", "size": "6.5 oz box"},
{"thumb": "http://i4.peapod.com/c/KK/KKNHZ.gif", "price": "399", "unit_price": "$.31/ oz", "name": "Kashi GOLEAN Cereal", "cnid": "531", "productId": "116306", "size": "13.1 oz box"},
{"thumb": "http://i4.peapod.com/c/KK/KKNHZ.gif", "price": "459", "unit_price": "$.33/ oz", "name": "Kashi GOLEAN Cereal Crisp! Toasted Berry Crumble", "cnid": "531", "productId": "158020", "size": "14 oz box"},
{"thumb": "http://i4.peapod.com/c/KK/KKNHZ.gif", "price": "629", "unit_price": "$.29/ oz", "name": "Kashi GOLEAN Cereal Crunch!", "cnid": "531", "productId": "156328", "size": "21.3 oz box"},
{"thumb": "http://i4.peapod.com/c/KK/KKNHZ.gif", "price": "399", "unit_price": "$.29/ oz", "name": "Kashi GOLEAN Cereal Crunch!", "cnid": "531", "productId": "124938", "size": "13.8 oz box"},
{"thumb": "http://i4.peapod.com/c/KK/KKNHZ.gif", "price": "459", "unit_price": "$.33/ oz", "name": "Kashi GOLEAN Cereal Crunch! Honey Almond Flax", "cnid": "531", "productId": "145014", "size": "14 oz box"},
{"thumb": "http://i4.peapod.com/c/KK/KKNHZ.gif", "price": "449", "unit_price": "$.40/ oz", "name": "Kashi GOLEAN Instant Hot Cereal w/Clusters Honey & Cinnamon Natural - 8 ct", "cnid": "531", "productId": "139830", "size": "11.2 oz box"},
{"thumb": "http://i4.peapod.com/c/KK/KKNHZ.gif", "price": "399", "unit_price": "$.33/ oz", "name": "Kashi Heart to Heart Cereal Honey Toasted Oat", "cnid": "531", "productId": "127141", "size": "12 oz box"},
{"thumb": "http://i4.peapod.com/c/KK/KKNHZ.gif", "price": "449", "unit_price": "$.34/ oz", "name": "Kashi Heart to Heart Cereal Oat Flakes & Blueberry Clusters", "cnid": "531", "productId": "145015", "size": "13.4 oz box"},
{"thumb": "http://i4.peapod.com/c/KK/KKNHZ.gif", "price": "399", "unit_price": "$.33/ oz", "name": "Kashi Heart to Heart Instant Oatmeal Golden Maple - 8 ct", "cnid": "531", "productId": "136516", "size": "12.1 oz box"},
{"thumb": "http://i4.peapod.com/c/KK/KKNHZ.gif", "price": "333", "unit_price": "$.32/ oz", "name": "Kashi Strawberry Fields Cereal Organic", "cnid": "531", "productId": "132376", "size": "10.3 oz box"},
{"thumb": "http://i4.peapod.com/c/KK/KKNHZ.gif", "price": "399", "unit_price": "$.38/ oz", "name": "Kashi Whole Grain Cereal Squares Honey Sunshine", "cnid": "531", "productId": "151169", "size": "10.5 oz box"},
{"thumb": "http://i4.peapod.com/c/KK/KKNHZ.gif", "price": "333", "unit_price": "$.20/ oz", "name": "Kashi Whole Wheat Biscuits Cereal Autumn Wheat Organic", "cnid": "531", "productId": "134140", "size": "16.3 oz box"},
{"thumb": "http://i4.peapod.com/c/KK/KKNHZ.gif", "price": "333", "unit_price": "$.20/ oz", "name": "Kashi Whole Wheat Biscuits Cereal Cinnamon Harvest Organic", "cnid": "531", "productId": "139832", "size": "16.3 oz box"},
{"thumb": "http://i4.peapod.com/c/KK/KKNHZ.gif", "price": "499", "unit_price": "$.28/ oz", "name": "Kellogg's All-Bran Cereal Bran Buds", "cnid": "531", "productId": "16071", "size": "17.7 oz box"},
{"thumb": "http://i4.peapod.com/c/KK/KKNHZ.gif", "price": "449", "unit_price": "$.25/ oz", "name": "Kellogg's All-Bran Cereal Original", "cnid": "531", "productId": "3884", "size": "18.3 oz box"},
{"thumb": "http://i4.peapod.com/c/KK/KKNHZ.gif", "price": "479", "unit_price": "$.28/ oz", "name": "Kellogg's Apple Jacks Cereal", "cnid": "531", "productId": "44712", "size": "17 oz box"},
{"thumb": "http://i4.peapod.com/c/KK/KKNHZ.gif", "price": "359", "unit_price": "$.41/ oz", "name": "Kellogg's Apple Jacks Cereal", "cnid": "531", "productId": "155257", "size": "8.7 oz box"},
{"thumb": "http://i4.peapod.com/c/KK/KKNHZ.gif", "price": "349", "unit_price": "$.29/ oz", "name": "Kellogg's Corn Flakes Cereal", "cnid": "531", "productId": "3871", "size": "12 oz box"},
{"thumb": "http://i4.peapod.com/c/KK/KKNHZ.gif", "price": "499", "unit_price": "$.21/ oz", "name": "Kellogg's Corn Flakes Cereal", "cnid": "531", "productId": "3873", "size": "24 oz box"},
{"thumb": "http://i4.peapod.com/c/KK/KKNHZ.gif", "price": "499", "unit_price": "$.29/ oz", "name": "Kellogg's Corn Pops Cereal", "cnid": "531", "productId": "92683", "size": "17.2 oz box"},
{"thumb": "http://i4.peapod.com/c/KK/KKNHZ.gif", "price": "399", "unit_price": "$.43/ oz", "name": "Kellogg's Corn Pops Cereal", "cnid": "531", "productId": "13071", "size": "9.2 oz box"},
{"thumb": "http://i4.peapod.com/c/KK/KKNHZ.gif", "price": "529", "unit_price": "$.31/ oz", "name": "Kellogg's Cracklin Oat Bran Cereal", "cnid": "531", "productId": "3904", "size": "17 oz box"},
{"thumb": "http://i4.peapod.com/c/KK/KKNHZ.gif", "price": "399", "unit_price": "$.33/ oz", "name": "Kellogg's Crispix Cereal", "cnid": "531", "productId": "3897", "size": "12 oz box"},
{"thumb": "http://i4.peapod.com/c/KK/KKNHZ.gif", "price": "399", "unit_price": "$.28/ oz", "name": "Kellogg's Crunchy Nut Cereal Golden Honey Nut Flakes", "cnid": "531", "productId": "161797", "size": "14.1 oz box"},
{"thumb": "http://i4.peapod.com/c/KK/KKNHZ.gif", "price": "399", "unit_price": "$.37/ oz", "name": "Kellogg's Crunchy Nut Cereal Roasted Nut & Honey O's", "cnid": "531", "productId": "161796", "size": "10.8 oz box"},
{"thumb": "http://i4.peapod.com/c/KK/KKNHZ.gif", "price": "399", "unit_price": "$.33/ oz", "name": "Kellogg's Froot Loops Cereal", "cnid": "531", "productId": "3892", "size": "12.2 oz box"},
{"thumb": "http://i4.peapod.com/c/KK/KKNHZ.gif", "price": "499", "unit_price": "$.29/ oz", "name": "Kellogg's Froot Loops Cereal", "cnid": "531", "productId": "44711", "size": "17 oz box"},
{"thumb": "http://i4.peapod.com/c/KK/KKNHZ.gif", "price": "379", "unit_price": "$.44/ oz", "name": "Kellogg's Froot Loops Cereal", "cnid": "531", "productId": "155254", "size": "8.7 oz box"},
{"thumb": "http://i4.peapod.com/c/KK/KKNHZ.gif", "price": "529", "unit_price": "$.28/ oz", "name": "Kellogg's Frosted Flakes Cereal", "cnid": "531", "productId": "3888", "size": "19 oz box"},
{"thumb": "http://i4.peapod.com/c/KK/KKNHZ.gif", "price": "399", "unit_price": "$.38/ oz", "name": "Kellogg's Frosted Flakes Cereal", "cnid": "531", "productId": "3886", "size": "10.5 oz box"},
{"thumb": "http://i4.peapod.com/c/KK/KKNHZ.gif", "price": "429", "unit_price": "$.28/ oz", "name": "Kellogg's Honey Smacks Cereal", "cnid": "531", "productId": "3883", "size": "15.3 oz box"},
{"thumb": "http://i4.peapod.com/c/KK/KKNHZ.gif", "price": "399", "unit_price": "$.35/ oz", "name": "Kellogg's Krave Cereal Multigrain Chocolate", "cnid": "531", "productId": "178267", "size": "11.4 oz box"},
{"thumb": "http://i4.peapod.com/c/KK/KKNHZ.gif", "price": "379", "unit_price": "$.33/ oz", "name": "Kellogg's Krave Cereal Multigrain Double Chocolate", "cnid": "531", "productId": "178268", "size": "11.4 oz box"},
{"thumb": "http://i4.peapod.com/c/KK/KKNHZ.gif", "price": "429", "unit_price": "$.24/ oz", "name": "Kellogg's Mini Wheats Cereal Frosted Bite Size", "cnid": "531", "productId": "3905", "size": "18 oz box"},
{"thumb": "http://i4.peapod.com/c/KK/KKNHZ.gif", "price": "469", "unit_price": "$.19/ oz", "name": "Kellogg's Mini Wheats Cereal Frosted Bite Size", "cnid": "531", "productId": "3906", "size": "24 oz box"},
{"thumb": "http://i4.peapod.com/c/KK/KKNHZ.gif", "price": "429", "unit_price": "$.28/ oz", "name": "Kellogg's Mini Wheats Cereal Frosted Chocolate Little Bites", "cnid": "531", "productId": "153260", "size": "15.2 oz box"},
{"thumb": "http://i4.peapod.com/c/KK/KKNHZ.gif", "price": "429", "unit_price": "$.28/ oz", "name": "Kellogg's Mini Wheats Cereal Frosted Maple & Brown Sugar", "cnid": "531", "productId": "138484", "size": "15.5 oz box"},
{"thumb": "http://i4.peapod.com/c/KK/KKNHZ.gif", "price": "399", "unit_price": "$.26/ oz", "name": "Kellogg's Mini Wheats Cereal Frosted Strawberry Delight", "cnid": "531", "productId": "139981", "size": "15.5 oz box"},
{"thumb": "http://i4.peapod.com/c/KK/KKNHZ.gif", "price": "429", "unit_price": "$.29/ oz", "name": "Kellogg's Mini Wheats Cereal Frosted Touch of Fruit in Middle Mixed Berry", "cnid": "531", "productId": "161795", "size": "15 oz box"},
{"thumb": "http://i4.peapod.com/c/KK/KKNHZ.gif", "price": "479", "unit_price": "$.40/ oz", "name": "Kellogg's Product 19 Cereal", "cnid": "531", "productId": "3893", "size": "12 oz box"},
{"thumb": "http://i4.peapod.com/c/KK/KKNHZ.gif", "price": "399", "unit_price": "$.21/ oz", "name": "Kellogg's Raisin Bran Cereal", "cnid": "531", "productId": "3879", "size": "18.7 oz box"},
{"thumb": "http://i4.peapod.com/c/KK/KKNHZ.gif", "price": "369", "unit_price": "$.27/ oz", "name": "Kellogg's Raisin Bran Cereal", "cnid": "531", "productId": "27303", "size": "13.7 oz box"},
{"thumb": "http://i4.peapod.com/c/KK/KKNHZ.gif", "price": "449", "unit_price": "$.19/ oz", "name": "Kellogg's Raisin Bran Cereal Value Size", "cnid": "531", "productId": "3880", "size": "23.5 oz box"},
{"thumb": "http://i4.peapod.com/c/KK/KKNHZ.gif", "price": "449", "unit_price": "$.25/ oz", "name": "Kellogg's Raisin Bran Crunch Cereal", "cnid": "531", "productId": "102852", "size": "18.2 oz box"},
{"thumb": "http://i4.peapod.com/c/KK/KKNHZ.gif", "price": "399", "unit_price": "$.44/ oz", "name": "Kellogg's Rice Krispies Cereal", "cnid": "531", "productId": "3875", "size": "9 oz box"},
{"thumb": "http://i4.peapod.com/c/KK/KKNHZ.gif", "price": "499", "unit_price": "$.28/ oz", "name": "Kellogg's Rice Krispies Cereal", "cnid": "531", "productId": "3877", "size": "18 oz box"},
{"thumb": "http://i4.peapod.com/c/KK/KKNHZ.gif", "price": "449", "unit_price": "$.37/ oz", "name": "Kellogg's Rice Krispies Cereal", "cnid": "531", "productId": "3876", "size": "12 oz box"},
{"thumb": "http://i4.peapod.com/c/KK/KKNHZ.gif", "price": "449", "unit_price": "$.29/ oz", "name": "Kellogg's Rice Krispies Cereal Cocoa", "cnid": "531", "productId": "3882", "size": "15.5 oz box"},
{"thumb": "http://i4.peapod.com/c/KK/KKNHZ.gif", "price": "449", "unit_price": "$.26/ oz", "name": "Kellogg's Smart Start Cereal with Antioxidants", "cnid": "531", "productId": "119411", "size": "17.5 oz box"},
{"thumb": "http://i4.peapod.com/c/KK/KKNHZ.gif", "price": "399", "unit_price": "$.33/ oz", "name": "Kellogg's Special K Cereal", "cnid": "531", "productId": "3889", "size": "12 oz box"},
{"thumb": "http://i4.peapod.com/c/KK/KKNHZ.gif", "price": "499", "unit_price": "$.28/ oz", "name": "Kellogg's Special K Cereal", "cnid": "531", "productId": "3890", "size": "18 oz box"},
{"thumb": "http://i4.peapod.com/c/KK/KKNHZ.gif", "price": "399", "unit_price": "$.35/ oz", "name": "Kellogg's Special K Cereal Blueberry", "cnid": "531", "productId": "153257", "size": "11.4 oz box"},
{"thumb": "http://i4.peapod.com/c/KK/KKNHZ.gif", "price": "399", "unit_price": "$.30/ oz", "name": "Kellogg's Special K Cereal Chocolatey Delight", "cnid": "531", "productId": "143929", "size": "13.4 oz box"},
{"thumb": "http://i4.peapod.com/c/KK/KKNHZ.gif", "price": "399", "unit_price": "$.32/ oz", "name": "Kellogg's Special K Cereal Cinnamon Pecan", "cnid": "531", "productId": "148134", "size": "12.5 oz box"},
{"thumb": "http://i4.peapod.com/c/KK/KKNHZ.gif", "price": "399", "unit_price": "$.30/ oz", "name": "Kellogg's Special K Cereal Low Carb Lifestyle Protein Plus", "cnid": "531", "productId": "135504", "size": "13.5 oz box"},
{"thumb": "http://i4.peapod.com/c/KK/KKNHZ.gif", "price": "499", "unit_price": "$.34/ oz", "name": "Kellogg's Special K Cereal Red Berries", "cnid": "531", "productId": "126395", "size": "14.7 oz box"},
{"thumb": "http://i4.peapod.com/c/KK/KKNHZ.gif", "price": "399", "unit_price": "$.32/ oz", "name": "Kellogg's Special K Cereal Vanilla Almond", "cnid": "531", "productId": "135503", "size": "12.4 oz box"},
{"thumb": "http://i4.peapod.com/c/KK/KKNHZ.gif", "price": "399", "unit_price": "$.31/ oz", "name": "Kellogg's Special K Cereal with Fruit 'N Yogurt", "cnid": "531", "productId": "141108", "size": "12.8 oz box"},
{"thumb": "http://i4.peapod.com/c/KK/KKNHZ.gif", "price": "399", "unit_price": "$.36/ oz", "name": "Kellogg's Special K Cereal with Red Berries", "cnid": "531", "productId": "123952", "size": "11.2 oz box"},
{"thumb": "http://i4.peapod.com/c/KK/KKNHZ.gif", "price": "499", "unit_price": "$.33/ oz", "name": "McCann's Instant Irish Oatmeal Maple & Brown Sugar - 10 ct", "cnid": "531", "productId": "146111", "size": "15.1 oz box"},
{"thumb": "http://i4.peapod.com/c/KK/KKNHZ.gif", "price": "979", "unit_price": "$.35/ oz", "name": "McCann's Irish Oatmeal Steel Cut", "cnid": "531", "productId": "64057", "size": "28 oz can"},
{"thumb": "http://i4.peapod.com/c/KK/KKNHZ.gif", "price": "499", "unit_price": "$.31/ oz", "name": "McCann's Quick Cooking Irish Oatmeal", "cnid": "531", "productId": "22645", "size": "16 oz box"},
{"thumb": "http://i4.peapod.com/c/KK/KKNHZ.gif", "price": "439", "unit_price": "$.16/ oz", "name": "Nabisco Cream of Wheat 1 Minute Cook Time", "cnid": "531", "productId": "652", "size": "28 oz box"},
{"thumb": "http://i4.peapod.com/c/KK/KKNHZ.gif", "price": "439", "unit_price": "$.16/ oz", "name": "Nabisco Cream of Wheat Quick", "cnid": "531", "productId": "651", "size": "28 oz box"},
{"thumb": "http://i4.peapod.com/c/KK/KKNHZ.gif", "price": "439", "unit_price": "$.37/ oz", "name": "Nabisco Instant Cream of Wheat Hot Cereal - 12 ct", "cnid": "531", "productId": "657", "size": "12 oz pkg"},
{"thumb": "http://i4.peapod.com/c/KK/KKNHZ.gif", "price": "439", "unit_price": "$.35/ oz", "name": "Nabisco Instant Cream of Wheat Hot Cereal Maple Brown Sugar - 10 ct", "cnid": "531", "productId": "154084", "size": "12.5 oz box"},
{"thumb": "http://i4.peapod.com/c/KK/KKNHZ.gif", "price": "439", "unit_price": "$.35/ oz", "name": "Nabisco Instant Cream of Wheat Whole Grain Hot Cereal Healthy Grain - 8 ct", "cnid": "531", "productId": "163227", "size": "12.7 oz box"},
{"thumb": "http://i4.peapod.com/c/KK/KKNHZ.gif", "price": "379", "unit_price": "$.36/ oz", "name": "Nature's Path EnviroKidz Cereal Panda Puffs Peanut Butter Organic", "cnid": "531", "productId": "146179", "size": "10.6 oz box"},
{"thumb": "http://i4.peapod.com/c/KK/KKNHZ.gif", "price": "300", "unit_price": "$.25/ oz", "name": "Nature's Promise Naturals Granola Banana Nut", "cnid": "531", "productId": "174922", "size": "12 oz pkg"},
{"thumb": "http://i4.peapod.com/c/KK/KKNHZ.gif", "price": "329", "unit_price": "$.33/ oz", "name": "Nature's Promise Organics Instant Oatmeal Apple Cinnamon - 8 ct", "cnid": "531", "productId": "157905", "size": "10 oz box"},
{"thumb": "http://i4.peapod.com/c/KK/KKNHZ.gif", "price": "329", "unit_price": "$.27/ oz", "name": "Nature's Promise Organics Instant Oatmeal Maple - 8 ct", "cnid": "531", "productId": "158031", "size": "12 oz box"},
{"thumb": "http://i4.peapod.com/c/KK/KKNHZ.gif", "price": "249", "unit_price": "$.14/ oz", "name": "Nature's Promise Organics Quick Oats Rolled", "cnid": "531", "productId": "157907", "size": "18 oz ctn"},
{"thumb": "http://i4.peapod.com/c/KK/KKNHZ.gif", "price": "399", "unit_price": "$.31/ oz", "name": "Newman's Own Cereal Sweet Enough Vanilla Almond", "cnid": "531", "productId": "157956", "size": "13 oz box"},
{"thumb": "http://i4.peapod.com/c/KK/KKNHZ.gif", "price": "319", "unit_price": "$.17/ oz", "name": "Old Wessex Ltd. Hot Cereal 5 Grain Whole Grain All Natural", "cnid": "531", "productId": "154905", "size": "18.5 oz can"},
{"thumb": "http://i4.peapod.com/c/KK/KKNHZ.gif", "price": "269", "unit_price": "$.14/ oz", "name": "Old Wessex Ltd. Oatmeal Irish Style Whole Grain All Natural", "cnid": "531", "productId": "120386", "size": "18.5 oz can"},
{"thumb": "http://i4.peapod.com/c/KK/KKNHZ.gif", "price": "399", "unit_price": "$.27/ oz", "name": "Post Cereal Shredded Wheat Original", "cnid": "531", "productId": "638", "size": "15 oz box"},
{"thumb": "http://i4.peapod.com/c/KK/KKNHZ.gif", "price": "399", "unit_price": "$.24/ oz", "name": "Post Cereal Shredded Wheat Original Spoon Size", "cnid": "531", "productId": "640", "size": "16.4 oz box"},
{"thumb": "http://i4.peapod.com/c/KK/KKNHZ.gif", "price": "399", "unit_price": "$.22/ oz", "name": "Post Cereal Shredded Wheat Wheat 'n Bran Spoon Size 100% Natural", "cnid": "531", "productId": "654", "size": "18 oz box"},
{"thumb": "http://i4.peapod.com/c/KK/KKNHZ.gif", "price": "349", "unit_price": "$.32/ oz", "name": "Post Cocoa Pebbles Cereal", "cnid": "531", "productId": "5939", "size": "11 oz box"},
{"thumb": "http://i4.peapod.com/c/KK/KKNHZ.gif", "price": "350", "unit_price": "$.23/ oz", "name": "Post Fruity Pebbles Cereal", "cnid": "531", "productId": "14460", "size": "15 oz box"},
{"thumb": "http://i4.peapod.com/c/KK/KKNHZ.gif", "price": "429", "unit_price": "$.18/ oz", "name": "Post Grape-Nuts Cereal 100% Natural", "cnid": "531", "productId": "5929", "size": "24 oz box"},
{"thumb": "http://i4.peapod.com/c/KK/KKNHZ.gif", "price": "350", "unit_price": "$.19/ oz", "name": "Post Honey Bunches of Oats Cereal Honey Roasted", "cnid": "531", "productId": "137238", "size": "18 oz box"},
{"thumb": "http://i4.peapod.com/c/KK/KKNHZ.gif", "price": "429", "unit_price": "$.30/ oz", "name": "Post Honey Bunches of Oats Cereal Honey Roasted", "cnid": "531", "productId": "14124", "size": "14.5 oz box"},
{"thumb": "http://i4.peapod.com/c/KK/KKNHZ.gif", "price": "429", "unit_price": "$.30/ oz", "name": "Post Honey Bunches of Oats Cereal with Almonds", "cnid": "531", "productId": "5932", "size": "14.5 oz box"},
{"thumb": "http://i4.peapod.com/c/KK/KKNHZ.gif", "price": "350", "unit_price": "$.19/ oz", "name": "Post Honey Bunches of Oats Cereal with Almonds", "cnid": "531", "productId": "137237", "size": "18 oz box"},
{"thumb": "http://i4.peapod.com/c/KK/KKNHZ.gif", "price": "429", "unit_price": "$.30/ oz", "name": "Post Honey Bunches of Oats Cereal with Cinnamon Bunches", "cnid": "531", "productId": "147170", "size": "14.5 oz box"},
{"thumb": "http://i4.peapod.com/c/KK/KKNHZ.gif", "price": "359", "unit_price": "$.29/ oz", "name": "Post Honeycomb Cereal", "cnid": "531", "productId": "5931", "size": "12.5 oz box"},
{"thumb": "http://i4.peapod.com/c/KK/KKNHZ.gif", "price": "350", "unit_price": "$.14/ oz", "name": "Post Raisin Bran Cereal", "cnid": "531", "productId": "22882", "size": "25 oz box"},
{"thumb": "http://i4.peapod.com/c/KK/KKNHZ.gif", "price": "399", "unit_price": "$.26/ oz", "name": "Post Selects Cereal Banana Nut Crunch", "cnid": "531", "productId": "18609", "size": "15.5 oz box"},
{"thumb": "http://i4.peapod.com/c/KK/KKNHZ.gif", "price": "399", "unit_price": "$.28/ oz", "name": "Post Selects Cereal Cranberry Almond Crunch", "cnid": "531", "productId": "50875", "size": "14 oz box"},
{"thumb": "http://i4.peapod.com/c/KK/KKNHZ.gif", "price": "399", "unit_price": "$.25/ oz", "name": "Post Selects Great Grains Cereal Crunchy Pecan", "cnid": "531", "productId": "33172", "size": "16 oz box"},
{"thumb": "http://i4.peapod.com/c/KK/KKNHZ.gif", "price": "399", "unit_price": "$.25/ oz", "name": "Post Selects Great Grains Cereal Raisins, Dates & Pecans", "cnid": "531", "productId": "33210", "size": "16 oz box"},
{"thumb": "http://i4.peapod.com/c/KK/KKNHZ.gif", "price": "300", "unit_price": "$.21/ oz", "name": "Quaker Cap'n Crunch Cereal", "cnid": "531", "productId": "2883", "size": "14 oz box"},
{"thumb": "http://i4.peapod.com/c/KK/KKNHZ.gif", "price": "300", "unit_price": "$.24/ oz", "name": "Quaker Cap'n Crunch Cereal Peanut Butter", "cnid": "531", "productId": "2881", "size": "12.5 oz box"},
{"thumb": "http://i4.peapod.com/c/KK/KKNHZ.gif", "price": "479", "unit_price": "$.33/ oz", "name": "Quaker Essentials Toasted Oatmeal Squares Cereal", "cnid": "531", "productId": "2880", "size": "14.5 oz box"},
{"thumb": "http://i4.peapod.com/c/KK/KKNHZ.gif", "price": "579", "unit_price": "$.21/ oz", "name": "Quaker Granola with Oats, Honey & Raisins 100% Natural", "cnid": "531", "productId": "2884", "size": "28 oz box"},
{"thumb": "http://i4.peapod.com/c/KK/KKNHZ.gif", "price": "299", "unit_price": "$.25/ oz", "name": "Quaker Instant Grits Original - 12 ct", "cnid": "531", "productId": "2851", "size": "12 oz box"},
{"thumb": "http://i4.peapod.com/c/KK/KKNHZ.gif", "price": "250", "unit_price": "$.17/ oz", "name": "Quaker Instant Oatmeal Apple & Cinnamon - 10 ct", "cnid": "531", "productId": "2824", "size": "15.1 oz box"},
{"thumb": "http://i4.peapod.com/c/KK/KKNHZ.gif", "price": "250", "unit_price": "$.20/ oz", "name": "Quaker Instant Oatmeal Crunch High Fiber Maple Brown Sugar - 8 ct", "cnid": "531", "productId": "154082", "size": "12.6 oz box"},
{"thumb": "http://i4.peapod.com/c/KK/KKNHZ.gif", "price": "250", "unit_price": "$.18/ oz", "name": "Quaker Instant Oatmeal Dinosaur Eggs Maple N Brown Sugar - 8 ct", "cnid": "531", "productId": "99847", "size": "14.1 oz box"},
{"thumb": "http://i4.peapod.com/c/KK/KKNHZ.gif", "price": "250", "unit_price": "$.20/ oz", "name": "Quaker Instant Oatmeal Fruit & Cream Variety - 10 ct", "cnid": "531", "productId": "2828", "size": "12.3 oz box"},
{"thumb": "http://i4.peapod.com/c/KK/KKNHZ.gif", "price": "250", "unit_price": "$.17/ oz", "name": "Quaker Instant Oatmeal Maple & Brown Sugar - 10 ct", "cnid": "531", "productId": "2819", "size": "15.1 oz pkg"},
{"thumb": "http://i4.peapod.com/c/KK/KKNHZ.gif", "price": "250", "unit_price": "$.21/ oz", "name": "Quaker Instant Oatmeal Maple & Brown Sugar Lower Sugar - 10 ct", "cnid": "531", "productId": "137284", "size": "11.9 oz box"},
{"thumb": "http://i4.peapod.com/c/KK/KKNHZ.gif", "price": "250", "unit_price": "$.22/ oz", "name": "Quaker Instant Oatmeal Maple & Brown Sugar Weight Control - 8 ct", "cnid": "531", "productId": "147169", "size": "11.5 oz box"},
{"thumb": "http://i4.peapod.com/c/KK/KKNHZ.gif", "price": "250", "unit_price": "$.19/ oz", "name": "Quaker Instant Oatmeal Raisin, Date & Walnut - 10 ct", "cnid": "531", "productId": "13072", "size": "13 oz pkg"},
{"thumb": "http://i4.peapod.com/c/KK/KKNHZ.gif", "price": "250", "unit_price": "$.17/ oz", "name": "Quaker Instant Oatmeal Raisins & Spice - 10 ct", "cnid": "531", "productId": "26988", "size": "15.1 oz box"},
{"thumb": "http://i4.peapod.com/c/KK/KKNHZ.gif", "price": "250", "unit_price": "$.21/ oz", "name": "Quaker Instant Oatmeal Regular - 12 ct", "cnid": "531", "productId": "2821", "size": "11.8 oz pkg"},
{"thumb": "http://i4.peapod.com/c/KK/KKNHZ.gif", "price": "250", "unit_price": "$.20/ oz", "name": "Quaker Instant Oatmeal Variety Pack Weight Control - 8 ct", "cnid": "531", "productId": "154083", "size": "12.6 oz box"},
{"thumb": "http://i4.peapod.com/c/KK/KKNHZ.gif", "price": "479", "unit_price": "$.27/ oz", "name": "Quaker Life Cereal Original Multigrain", "cnid": "531", "productId": "2876", "size": "18 oz box"},
{"thumb": "http://i4.peapod.com/c/KK/KKNHZ.gif", "price": "250", "unit_price": "$.14/ oz", "name": "Quaker Oats Rolled Old Fashioned", "cnid": "531", "productId": "2816", "size": "18 oz can"},
{"thumb": "http://i4.peapod.com/c/KK/KKNHZ.gif", "price": "499", "unit_price": "$.12/ oz", "name": "Quaker Oats Rolled Old Fashioned", "cnid": "531", "productId": "2817", "size": "42 oz can"},
{"thumb": "http://i4.peapod.com/c/KK/KKNHZ.gif", "price": "499", "unit_price": "$.21/ oz", "name": "Quaker Oats Steel Cut", "cnid": "531", "productId": "146170", "size": "24 oz can"},
{"thumb": "http://i4.peapod.com/c/KK/KKNHZ.gif", "price": "499", "unit_price": "$.12/ oz", "name": "Quaker Quick 1-Minute Oats Rolled", "cnid": "531", "productId": "2820", "size": "42 oz can"},
{"thumb": "http://i4.peapod.com/c/KK/KKNHZ.gif", "price": "250", "unit_price": "$.14/ oz", "name": "Quaker Quick 1-Minute Oats Rolled", "cnid": "531", "productId": "2818", "size": "18 oz can"},
{"thumb": "http://i4.peapod.com/c/KK/KKNHZ.gif", "price": "249", "unit_price": "$.10/ oz", "name": "Quaker Quick Grits", "cnid": "531", "productId": "2842", "size": "24 oz can"},
{"thumb": "http://i4.peapod.com/c/KK/KKNHZ.gif", "price": "150", "unit_price": "$.58/ oz", "name": "Quaker Real Medleys Oatmeal + Cherry Pistachio", "cnid": "531", "productId": "177962", "size": "2.57 oz cup"},
{"thumb": "http://i4.peapod.com/c/KK/KKNHZ.gif", "price": "299", "unit_price": "$.25/ oz", "name": "Stop & Shop Be Well Cereal Berry", "cnid": "531", "productId": "183628", "size": "12 oz box"},
{"thumb": "http://i4.peapod.com/c/KK/KKNHZ.gif", "price": "299", "unit_price": "$.17/ oz", "name": "Stop & Shop Cereal Bran Flakes", "cnid": "531", "productId": "57797", "size": "17.3 oz box"},
{"thumb": "http://i4.peapod.com/c/KK/KKNHZ.gif", "price": "250", "unit_price": "$.21/ oz", "name": "Stop & Shop Cereal Crispy Rice", "cnid": "531", "productId": "158637", "size": "12 oz box"},
{"thumb": "http://i4.peapod.com/c/KK/KKNHZ.gif", "price": "169", "unit_price": "$.28/ oz", "name": "Stop & Shop Cereal Puffed Rice", "cnid": "531", "productId": "174917", "size": "6 oz box"},
{"thumb": "http://i4.peapod.com/c/KK/KKNHZ.gif", "price": "169", "unit_price": "$.28/ oz", "name": "Stop & Shop Cereal Puffed Wheat", "cnid": "531", "productId": "161966", "size": "6 oz box"},
{"thumb": "http://i4.peapod.com/c/KK/KKNHZ.gif", "price": "299", "unit_price": "$.15/ oz", "name": "Stop & Shop Cereal Raisin Bran", "cnid": "531", "productId": "158001", "size": "20 oz box"},
{"thumb": "http://i4.peapod.com/c/KK/KKNHZ.gif", "price": "299", "unit_price": "$.18/ oz", "name": "Stop & Shop Cereal Shredded Wheat Bite Size 100% Natural", "cnid": "531", "productId": "161954", "size": "16.4 oz box"},
{"thumb": "http://i4.peapod.com/c/KK/KKNHZ.gif", "price": "299", "unit_price": "$.17/ oz", "name": "Stop & Shop Cereal Shredded Wheat Frosted Bite Size", "cnid": "531", "productId": "128390", "size": "18 oz box"},
{"thumb": "http://i4.peapod.com/c/KK/KKNHZ.gif", "price": "339", "unit_price": "$.21/ oz", "name": "Stop & Shop Fiber Select Cereal Bran", "cnid": "531", "productId": "158291", "size": "16 oz box"},
{"thumb": "http://i4.peapod.com/c/KK/KKNHZ.gif", "price": "299", "unit_price": "$.19/ oz", "name": "Stop & Shop Granola Oats, Honey & Raisins", "cnid": "531", "productId": "57810", "size": "16 oz box"},
{"thumb": "http://i4.peapod.com/c/KK/KKNHZ.gif", "price": "299", "unit_price": "$.19/ oz", "name": "Stop & Shop Granola Oats & Honey", "cnid": "531", "productId": "57811", "size": "16 oz box"},
{"thumb": "http://i4.peapod.com/c/KK/KKNHZ.gif", "price": "359", "unit_price": "$.29/ oz", "name": "Stop & Shop Instant Cream Farina Maple Brown Sugar - 10 ct", "cnid": "531", "productId": "155702", "size": "12.3 oz box"},
{"thumb": "http://i4.peapod.com/c/KK/KKNHZ.gif", "price": "359", "unit_price": "$.30/ oz", "name": "Stop & Shop Instant Cream Farina Original Flavor - 12 ct", "cnid": "531", "productId": "155701", "size": "11.8 oz box"},
{"thumb": "http://i4.peapod.com/c/KK/KKNHZ.gif", "price": "299", "unit_price": "$.24/ oz", "name": "Stop & Shop Instant Oatmeal Apple Cinnamon - 10 ct", "cnid": "531", "productId": "57641", "size": "12.3 oz box"},
{"thumb": "http://i4.peapod.com/c/KK/KKNHZ.gif", "price": "299", "unit_price": "$.24/ oz", "name": "Stop & Shop Instant Oatmeal Fruit & Cream Variety Pack - 10 ct", "cnid": "531", "productId": "79158", "size": "12.3 oz box"},
{"thumb": "http://i4.peapod.com/c/KK/KKNHZ.gif", "price": "299", "unit_price": "$.20/ oz", "name": "Stop & Shop Instant Oatmeal Honey Nut - 10 ct", "cnid": "531", "productId": "158640", "size": "15.1 oz box"},
{"thumb": "http://i4.peapod.com/c/KK/KKNHZ.gif", "price": "299", "unit_price": "$.20/ oz", "name": "Stop & Shop Instant Oatmeal Maple Brown Sugar - 10 ct", "cnid": "531", "productId": "57812", "size": "15.1 oz box"},
{"thumb": "http://i4.peapod.com/c/KK/KKNHZ.gif", "price": "299", "unit_price": "$.25/ oz", "name": "Stop & Shop Instant Oatmeal Original Flavor - 12 ct", "cnid": "531", "productId": "57814", "size": "11.8 oz box"},
{"thumb": "http://i4.peapod.com/c/KK/KKNHZ.gif", "price": "299", "unit_price": "$.23/ oz", "name": "Stop & Shop Instant Oatmeal Raisin, Date & Walnut - 10 ct", "cnid": "531", "productId": "158638", "size": "13 oz box"},
{"thumb": "http://i4.peapod.com/c/KK/KKNHZ.gif", "price": "299", "unit_price": "$.20/ oz", "name": "Stop & Shop Instant Oatmeal Raisin Spice - 10 ct", "cnid": "531", "productId": "158639", "size": "15.1 oz box"},
{"thumb": "http://i4.peapod.com/c/KK/KKNHZ.gif", "price": "299", "unit_price": "$.24/ oz", "name": "Stop & Shop Oats & O's Cereal Honey Nut", "cnid": "531", "productId": "57805", "size": "12.5 oz box"},
{"thumb": "http://i4.peapod.com/c/KK/KKNHZ.gif", "price": "299", "unit_price": "$.21/ oz", "name": "Stop & Shop Oats & O's Cereal Toasted Whole Grain Oat", "cnid": "531", "productId": "63052", "size": "14 oz box"},
{"thumb": "http://i4.peapod.com/c/KK/KKNHZ.gif", "price": "399", "unit_price": "$.09/ oz", "name": "Stop & Shop Oats Rolled Old Fashioned", "cnid": "531", "productId": "118806", "size": "42 oz pkg"},
{"thumb": "http://i4.peapod.com/c/KK/KKNHZ.gif", "price": "399", "unit_price": "$.09/ oz", "name": "Stop & Shop Quick Oats Microwaveable 100% Natural", "cnid": "531", "productId": "57815", "size": "42 oz can"},
{"thumb": "http://i4.peapod.com/c/KK/KKNHZ.gif", "price": "279", "unit_price": "$.15/ oz", "name": "Stop & Shop Raisin Bran Cereal Crunchy Granola", "cnid": "531", "productId": "190229", "size": "18.2 oz box"},
{"thumb": "http://i4.peapod.com/c/KK/KKNHZ.gif", "price": "569", "unit_price": "$.41/ oz", "name": "Alpen Muesli Cereal No Sugar Added All Natural", "cnid": "53539740", "productId": "36405", "size": "14 oz box"},
{"thumb": "http://i4.peapod.com/c/KK/KKNHZ.gif", "price": "299", "unit_price": "$.30/ oz", "name": "Barbara's Puffins Cereal Cinnamon All Natural", "cnid": "53539740", "productId": "129616", "size": "10 oz box"},
{"thumb": "http://i4.peapod.com/c/KK/KKNHZ.gif", "price": "299", "unit_price": "$.30/ oz", "name": "Barbara's Puffins Cereal Original All Natural", "cnid": "53539740", "productId": "77031", "size": "10 oz box"},
{"thumb": "http://i4.peapod.com/c/KK/KKNHZ.gif", "price": "299", "unit_price": "$.27/ oz", "name": "Barbara's Puffins Cereal Peanut Butter All Natural", "cnid": "53539740", "productId": "145018", "size": "11 oz box"},
{"thumb": "http://i4.peapod.com/c/KK/KKNHZ.gif", "price": "399", "unit_price": "$.33/ oz", "name": "Bear Naked Fit Granola Triple Berry Crunch 100% Natural", "cnid": "53539740", "productId": "139996", "size": "12 oz bag"},
{"thumb": "http://i4.peapod.com/c/KK/KKNHZ.gif", "price": "399", "unit_price": "$.33/ oz", "name": "Bear Naked Fit Granola Vanilla Almond Crunch 100% Natural", "cnid": "53539740", "productId": "139997", "size": "12 oz bag"},
{"thumb": "http://i4.peapod.com/c/KK/KKNHZ.gif", "price": "399", "unit_price": "$.33/ oz", "name": "Bear Naked Granola Fruit & Nut 100% Natural", "cnid": "53539740", "productId": "138756", "size": "12 oz bag"},
{"thumb": "http://i4.peapod.com/c/KK/KKNHZ.gif", "price": "449", "unit_price": "$.43/ oz", "name": "Cascadian Farm Cereal Honey Nut O's Whole Grain with Almonds Organic", "cnid": "53539740", "productId": "131412", "size": "10.4 oz box"},
{"thumb": "http://i4.peapod.com/c/KK/KKNHZ.gif", "price": "449", "unit_price": "$.50/ oz", "name": "Cascadian Farm Cereal Purely O's Organic", "cnid": "53539740", "productId": "156313", "size": "9 oz box"},
{"thumb": "http://i4.peapod.com/c/KK/KKNHZ.gif", "price": "399", "unit_price": "$.28/ oz", "name": "Cascadian Farm Cereal Raisin Bran Organic", "cnid": "53539740", "productId": "161509", "size": "14 oz box"},
{"thumb": "http://i4.peapod.com/c/KK/KKNHZ.gif", "price": "449", "unit_price": "$.34/ oz", "name": "Cascadian Farm Cereal Squares Multigrain Organic", "cnid": "53539740", "productId": "131411", "size": "13 oz box"},
{"thumb": "http://i4.peapod.com/c/KK/KKNHZ.gif", "price": "449", "unit_price": "$.26/ oz", "name": "Cascadian Farm Granola Oats & Honey Organic", "cnid": "53539740", "productId": "132375", "size": "17 oz box"},
{"thumb": "http://i4.peapod.com/c/KK/KKNHZ.gif", "price": "449", "unit_price": "$.44/ oz", "name": "Cascadian Farm Kids Cereal Cinnamon Crunch Organic", "cnid": "53539740", "productId": "156312", "size": "10.3 oz box"},
{"thumb": "http://i4.peapod.com/c/KK/KKNHZ.gif", "price": "439", "unit_price": "$.40/ oz", "name": "Cascadian Farm Kids Cereal Fruitful O's Organic", "cnid": "53539740", "productId": "162016", "size": "11 oz box"},
{"thumb": "http://i4.peapod.com/c/KK/KKNHZ.gif", "price": "449", "unit_price": "$.28/ oz", "name": "General Mills Basic Four Cereal", "cnid": "53539740", "productId": "1164", "size": "16 oz box"},
{"thumb": "http://i4.peapod.com/c/KK/KKNHZ.gif", "price": "459", "unit_price": "$.27/ oz", "name": "General Mills Cereal Raisin Nut Bran", "cnid": "53539740", "productId": "1174", "size": "17.1 oz box"},
{"thumb": "http://i4.peapod.com/c/KK/KKNHZ.gif", "price": "100", "unit_price": "$.77/ oz", "name": "General Mills Cheerios Cereal", "cnid": "53539740", "productId": "158515", "size": "1.3 oz box"},
{"thumb": "http://i4.peapod.com/c/KK/KKNHZ.gif", "price": "459", "unit_price": "$.25/ oz", "name": "General Mills Cheerios Cereal", "cnid": "53539740", "productId": "1181", "size": "18 oz box"},
{"thumb": "http://i4.peapod.com/c/KK/KKNHZ.gif", "price": "399", "unit_price": "$.28/ oz", "name": "General Mills Cheerios Cereal", "cnid": "53539740", "productId": "1180", "size": "14 oz box"},
{"thumb": "http://i4.peapod.com/c/KK/KKNHZ.gif", "price": "379", "unit_price": "$.29/ oz", "name": "General Mills Cheerios Cereal Apple Cinnamon", "cnid": "53539740", "productId": "1158", "size": "12.9 oz box"},
{"thumb": "http://i4.peapod.com/c/KK/KKNHZ.gif", "price": "425", "unit_price": "$.24/ oz", "name": "General Mills Cheerios Cereal Apple Cinnamon", "cnid": "53539740", "productId": "1159", "size": "18 oz box"},
{"thumb": "http://i4.peapod.com/c/KK/KKNHZ.gif", "price": "279", "unit_price": "$.26/ oz", "name": "General Mills Cheerios Cereal Banana Nut", "cnid": "53539740", "productId": "153955", "size": "10.9 oz box"},
{"thumb": "http://i4.peapod.com/c/KK/KKNHZ.gif", "price": "379", "unit_price": "$.34/ oz", "name": "General Mills Cheerios Cereal Chocolate", "cnid": "53539740", "productId": "158012", "size": "11.2 oz box"},
{"thumb": "http://i4.peapod.com/c/KK/KKNHZ.gif", "price": "279", "unit_price": "$.23/ oz", "name": "General Mills Cheerios Cereal Fruity", "cnid": "53539740", "productId": "141907", "size": "12 oz box"},
{"thumb": "http://i4.peapod.com/c/KK/KKNHZ.gif", "price": "100", "unit_price": "$.56/ oz", "name": "General Mills Cheerios Cereal Honey Nut", "cnid": "53539740", "productId": "158517", "size": "1.8 oz cup"},
{"thumb": "http://i4.peapod.com/c/KK/KKNHZ.gif", "price": "499", "unit_price": "$.29/ oz", "name": "General Mills Cheerios Cereal Honey Nut", "cnid": "53539740", "productId": "1182", "size": "17 oz box"},
{"thumb": "http://i4.peapod.com/c/KK/KKNHZ.gif", "price": "499", "unit_price": "$.31/ oz", "name": "General Mills Cheerios Cereal Multigrain", "cnid": "53539740", "productId": "154917", "size": "16.2 oz box"},
{"thumb": "http://i4.peapod.com/c/KK/KKNHZ.gif", "price": "399", "unit_price": "$.31/ oz", "name": "General Mills Cheerios Cereal Multigrain", "cnid": "53539740", "productId": "13426", "size": "12.8 oz box"},
{"thumb": "http://i4.peapod.com/c/KK/KKNHZ.gif", "price": "379", "unit_price": "$.34/ oz", "name": "General Mills Cheerios Cereal Multigrain Peanut Butter", "cnid": "53539740", "productId": "175127", "size": "11.3 oz box"},
{"thumb": "http://i4.peapod.com/c/KK/KKNHZ.gif", "price": "399", "unit_price": "$.29/ oz", "name": "General Mills Chex Cereal Apple Cinnamon Gluten Free", "cnid": "53539740", "productId": "186909", "size": "13.7 oz box"},
{"thumb": "http://i4.peapod.com/c/KK/KKNHZ.gif", "price": "399", "unit_price": "$.30/ oz", "name": "General Mills Chex Cereal Cinnamon", "cnid": "53539740", "productId": "158535", "size": "13.5 oz box"},
{"thumb": "http://i4.peapod.com/c/KK/KKNHZ.gif", "price": "399", "unit_price": "$.28/ oz", "name": "General Mills Chex Cereal Corn", "cnid": "53539740", "productId": "1317", "size": "14 oz box"},
{"thumb": "http://i4.peapod.com/c/KK/KKNHZ.gif", "price": "399", "unit_price": "$.29/ oz", "name": "General Mills Chex Cereal Honey Nut", "cnid": "53539740", "productId": "109165", "size": "13.8 oz box"},
{"thumb": "http://i4.peapod.com/c/KK/KKNHZ.gif", "price": "399", "unit_price": "$.31/ oz", "name": "General Mills Chex Cereal Rice", "cnid": "53539740", "productId": "1313", "size": "12.8 oz box"},
{"thumb": "http://i4.peapod.com/c/KK/KKNHZ.gif", "price": "399", "unit_price": "$.28/ oz", "name": "General Mills Chex Cereal Wheat", "cnid": "53539740", "productId": "1311", "size": "14 oz box"},
{"thumb": "http://i4.peapod.com/c/KK/KKNHZ.gif", "price": "459", "unit_price": "$.28/ oz", "name": "General Mills Cinnamon Toast Crunch Cereal", "cnid": "53539740", "productId": "17675", "size": "16.2 oz box"},
{"thumb": "http://i4.peapod.com/c/KK/KKNHZ.gif", "price": "499", "unit_price": "$.25/ oz", "name": "General Mills Cinnamon Toast Crunch Cereal", "cnid": "53539740", "productId": "128334", "size": "20.2 oz box"},
{"thumb": "http://i4.peapod.com/c/KK/KKNHZ.gif", "price": "379", "unit_price": "$.31/ oz", "name": "General Mills Cinnamon Toast Crunch Cereal", "cnid": "53539740", "productId": "1168", "size": "12.2 oz box"},
{"thumb": "http://i4.peapod.com/c/KK/KKNHZ.gif", "price": "369", "unit_price": "$.31/ oz", "name": "General Mills Cocoa Puffs Cereal", "cnid": "53539740", "productId": "1189", "size": "11.8 oz box"},
{"thumb": "http://i4.peapod.com/c/KK/KKNHZ.gif", "price": "459", "unit_price": "$.28/ oz", "name": "General Mills Cocoa Puffs Cereal", "cnid": "53539740", "productId": "26854", "size": "16.5 oz box"},
{"thumb": "http://i4.peapod.com/c/KK/KKNHZ.gif", "price": "419", "unit_price": "$.37/ oz", "name": "General Mills Cookie Crisp Cereal Chocolate Chip", "cnid": "53539740", "productId": "1315", "size": "11.2 oz box"},
{"thumb": "http://i4.peapod.com/c/KK/KKNHZ.gif", "price": "439", "unit_price": "$.27/ oz", "name": "General Mills Fiber One Cereal Bran", "cnid": "53539740", "productId": "19156", "size": "16.2 oz box"},
{"thumb": "http://i4.peapod.com/c/KK/KKNHZ.gif", "price": "439", "unit_price": "$.31/ oz", "name": "General Mills Fiber One Cereal Honey Clusters", "cnid": "53539740", "productId": "136579", "size": "14.2 oz box"},
{"thumb": "http://i4.peapod.com/c/KK/KKNHZ.gif", "price": "439", "unit_price": "$.25/ oz", "name": "General Mills Fiber One Cereal Raisin Bran Clusters", "cnid": "53539740", "productId": "145337", "size": "17.2 oz box"},
{"thumb": "http://i4.peapod.com/c/KK/KKNHZ.gif", "price": "449", "unit_price": "$.28/ oz", "name": "General Mills Golden Grahams Cereal", "cnid": "53539740", "productId": "1188", "size": "16 oz box"},
{"thumb": "http://i4.peapod.com/c/KK/KKNHZ.gif", "price": "439", "unit_price": "$.37/ oz", "name": "General Mills Kix Cereal", "cnid": "53539740", "productId": "24443", "size": "12 oz box"},
{"thumb": "http://i4.peapod.com/c/KK/KKNHZ.gif", "price": "499", "unit_price": "$.28/ oz", "name": "General Mills Kix Cereal", "cnid": "53539740", "productId": "51165", "size": "18 oz box"},
{"thumb": "http://i4.peapod.com/c/KK/KKNHZ.gif", "price": "549", "unit_price": "$.27/ oz", "name": "General Mills Lucky Charms Cereal", "cnid": "53539740", "productId": "128335", "size": "20.5 oz box"},
{"thumb": "http://i4.peapod.com/c/KK/KKNHZ.gif", "price": "399", "unit_price": "$.35/ oz", "name": "General Mills Lucky Charms Cereal", "cnid": "53539740", "productId": "1193", "size": "11.5 oz box"},
{"thumb": "http://i4.peapod.com/c/KK/KKNHZ.gif", "price": "449", "unit_price": "$.25/ oz", "name": "General Mills Oatmeal Crisp Cereal with Raisins", "cnid": "53539740", "productId": "67600", "size": "18 oz box"},
{"thumb": "http://i4.peapod.com/c/KK/KKNHZ.gif", "price": "369", "unit_price": "$.28/ oz", "name": "General Mills Reese's Cereal Peanut Butter Puffs", "cnid": "53539740", "productId": "38144", "size": "13 oz box"},
{"thumb": "http://i4.peapod.com/c/KK/KKNHZ.gif", "price": "449", "unit_price": "$.25/ oz", "name": "General Mills Total Cereal Raisin Bran", "cnid": "53539740", "productId": "67601", "size": "18.2 oz box"},
{"thumb": "http://i4.peapod.com/c/KK/KKNHZ.gif", "price": "419", "unit_price": "$.28/ oz", "name": "General Mills Trix Cereal", "cnid": "53539740", "productId": "1186", "size": "14.8 oz box"},
{"thumb": "http://i4.peapod.com/c/KK/KKNHZ.gif", "price": "499", "unit_price": "$.32/ oz", "name": "General Mills Wheaties Cereal", "cnid": "53539740", "productId": "1176", "size": "15.6 oz box"},
{"thumb": "http://i4.peapod.com/c/KK/KKNHZ.gif", "price": "100", "unit_price": "$.12/ oz", "name": "Guaranteed Value Cereal Puffed Wheat Golden Honey", "cnid": "53539740", "productId": "163253", "size": "8 oz box"},
{"thumb": "http://i4.peapod.com/c/KK/KKNHZ.gif", "price": "279", "unit_price": "$.17/ oz", "name": "Hodgson Mill Hot Cereal Oat Bran All Natural", "cnid": "53539740", "productId": "16063", "size": "16 oz box"},
{"thumb": "http://i4.peapod.com/c/KK/KKNHZ.gif", "price": "249", "unit_price": "$.14/ oz", "name": "Hodgson Mill Oats Steel Cut 100% Whole Grain Premium All Natural", "cnid": "53539740", "productId": "163575", "size": "18 oz box"},
{"thumb": "http://i4.peapod.com/c/KK/KKNHZ.gif", "price": "449", "unit_price": "$.22/ oz", "name": "Kashi 7 Whole Grain Cereal Nuggets", "cnid": "53539740", "productId": "146108", "size": "20 oz box"},
{"thumb": "http://i4.peapod.com/c/KK/KKNHZ.gif", "price": "339", "unit_price": "$.52/ oz", "name": "Kashi 7 Whole Grain Cereal Puffs", "cnid": "53539740", "productId": "1470", "size": "6.5 oz box"},
{"thumb": "http://i4.peapod.com/c/KK/KKNHZ.gif", "price": "399", "unit_price": "$.31/ oz", "name": "Kashi GOLEAN Cereal", "cnid": "53539740", "productId": "116306", "size": "13.1 oz box"},
{"thumb": "http://i4.peapod.com/c/KK/KKNHZ.gif", "price": "459", "unit_price": "$.33/ oz", "name": "Kashi GOLEAN Cereal Crisp! Toasted Berry Crumble", "cnid": "53539740", "productId": "158020", "size": "14 oz box"},
{"thumb": "http://i4.peapod.com/c/KK/KKNHZ.gif", "price": "629", "unit_price": "$.29/ oz", "name": "Kashi GOLEAN Cereal Crunch!", "cnid": "53539740", "productId": "156328", "size": "21.3 oz box"},
{"thumb": "http://i4.peapod.com/c/KK/KKNHZ.gif", "price": "399", "unit_price": "$.29/ oz", "name": "Kashi GOLEAN Cereal Crunch!", "cnid": "53539740", "productId": "124938", "size": "13.8 oz box"},
{"thumb": "http://i4.peapod.com/c/KK/KKNHZ.gif", "price": "459", "unit_price": "$.33/ oz", "name": "Kashi GOLEAN Cereal Crunch! Honey Almond Flax", "cnid": "53539740", "productId": "145014", "size": "14 oz box"},
{"thumb": "http://i4.peapod.com/c/KK/KKNHZ.gif", "price": "449", "unit_price": "$.40/ oz", "name": "Kashi GOLEAN Instant Hot Cereal w/Clusters Honey & Cinnamon Natural - 8 ct", "cnid": "53539740", "productId": "139830", "size": "11.2 oz box"},
{"thumb": "http://i4.peapod.com/c/KK/KKNHZ.gif", "price": "399", "unit_price": "$.33/ oz", "name": "Kashi Heart to Heart Cereal Honey Toasted Oat", "cnid": "53539740", "productId": "127141", "size": "12 oz box"},
{"thumb": "http://i4.peapod.com/c/KK/KKNHZ.gif", "price": "449", "unit_price": "$.34/ oz", "name": "Kashi Heart to Heart Cereal Oat Flakes & Blueberry Clusters", "cnid": "53539740", "productId": "145015", "size": "13.4 oz box"},
{"thumb": "http://i4.peapod.com/c/KK/KKNHZ.gif", "price": "399", "unit_price": "$.33/ oz", "name": "Kashi Heart to Heart Instant Oatmeal Golden Maple - 8 ct", "cnid": "53539740", "productId": "136516", "size": "12.1 oz box"},
{"thumb": "http://i4.peapod.com/c/KK/KKNHZ.gif", "price": "333", "unit_price": "$.32/ oz", "name": "Kashi Strawberry Fields Cereal Organic", "cnid": "53539740", "productId": "132376", "size": "10.3 oz box"},
{"thumb": "http://i4.peapod.com/c/KK/KKNHZ.gif", "price": "399", "unit_price": "$.38/ oz", "name": "Kashi Whole Grain Cereal Squares Honey Sunshine", "cnid": "53539740", "productId": "151169", "size": "10.5 oz box"},
{"thumb": "http://i4.peapod.com/c/KK/KKNHZ.gif", "price": "333", "unit_price": "$.20/ oz", "name": "Kashi Whole Wheat Biscuits Cereal Autumn Wheat Organic", "cnid": "53539740", "productId": "134140", "size": "16.3 oz box"},
{"thumb": "http://i4.peapod.com/c/KK/KKNHZ.gif", "price": "333", "unit_price": "$.20/ oz", "name": "Kashi Whole Wheat Biscuits Cereal Cinnamon Harvest Organic", "cnid": "53539740", "productId": "139832", "size": "16.3 oz box"},
{"thumb": "http://i4.peapod.com/c/KK/KKNHZ.gif", "price": "499", "unit_price": "$.28/ oz", "name": "Kellogg's All-Bran Cereal Bran Buds", "cnid": "53539740", "productId": "16071", "size": "17.7 oz box"},
{"thumb": "http://i4.peapod.com/c/KK/KKNHZ.gif", "price": "449", "unit_price": "$.25/ oz", "name": "Kellogg's All-Bran Cereal Original", "cnid": "53539740", "productId": "3884", "size": "18.3 oz box"},
{"thumb": "http://i4.peapod.com/c/KK/KKNHZ.gif", "price": "479", "unit_price": "$.28/ oz", "name": "Kellogg's Apple Jacks Cereal", "cnid": "53539740", "productId": "44712", "size": "17 oz box"},
{"thumb": "http://i4.peapod.com/c/KK/KKNHZ.gif", "price": "359", "unit_price": "$.41/ oz", "name": "Kellogg's Apple Jacks Cereal", "cnid": "53539740", "productId": "155257", "size": "8.7 oz box"},
{"thumb": "http://i4.peapod.com/c/KK/KKNHZ.gif", "price": "349", "unit_price": "$.29/ oz", "name": "Kellogg's Corn Flakes Cereal", "cnid": "53539740", "productId": "3871", "size": "12 oz box"},
{"thumb": "http://i4.peapod.com/c/KK/KKNHZ.gif", "price": "499", "unit_price": "$.21/ oz", "name": "Kellogg's Corn Flakes Cereal", "cnid": "53539740", "productId": "3873", "size": "24 oz box"},
{"thumb": "http://i4.peapod.com/c/KK/KKNHZ.gif", "price": "499", "unit_price": "$.29/ oz", "name": "Kellogg's Corn Pops Cereal", "cnid": "53539740", "productId": "92683", "size": "17.2 oz box"},
{"thumb": "http://i4.peapod.com/c/KK/KKNHZ.gif", "price": "399", "unit_price": "$.43/ oz", "name": "Kellogg's Corn Pops Cereal", "cnid": "53539740", "productId": "13071", "size": "9.2 oz box"},
{"thumb": "http://i4.peapod.com/c/KK/KKNHZ.gif", "price": "529", "unit_price": "$.31/ oz", "name": "Kellogg's Cracklin Oat Bran Cereal", "cnid": "53539740", "productId": "3904", "size": "17 oz box"},
{"thumb": "http://i4.peapod.com/c/KK/KKNHZ.gif", "price": "399", "unit_price": "$.33/ oz", "name": "Kellogg's Crispix Cereal", "cnid": "53539740", "productId": "3897", "size": "12 oz box"},
{"thumb": "http://i4.peapod.com/c/KK/KKNHZ.gif", "price": "399", "unit_price": "$.28/ oz", "name": "Kellogg's Crunchy Nut Cereal Golden Honey Nut Flakes", "cnid": "53539740", "productId": "161797", "size": "14.1 oz box"},
{"thumb": "http://i4.peapod.com/c/KK/KKNHZ.gif", "price": "399", "unit_price": "$.37/ oz", "name": "Kellogg's Crunchy Nut Cereal Roasted Nut & Honey O's", "cnid": "53539740", "productId": "161796", "size": "10.8 oz box"},
{"thumb": "http://i4.peapod.com/c/KK/KKNHZ.gif", "price": "399", "unit_price": "$.33/ oz", "name": "Kellogg's Froot Loops Cereal", "cnid": "53539740", "productId": "3892", "size": "12.2 oz box"},
{"thumb": "http://i4.peapod.com/c/KK/KKNHZ.gif", "price": "499", "unit_price": "$.29/ oz", "name": "Kellogg's Froot Loops Cereal", "cnid": "53539740", "productId": "44711", "size": "17 oz box"},
{"thumb": "http://i4.peapod.com/c/KK/KKNHZ.gif", "price": "379", "unit_price": "$.44/ oz", "name": "Kellogg's Froot Loops Cereal", "cnid": "53539740", "productId": "155254", "size": "8.7 oz box"},
{"thumb": "http://i4.peapod.com/c/KK/KKNHZ.gif", "price": "529", "unit_price": "$.28/ oz", "name": "Kellogg's Frosted Flakes Cereal", "cnid": "53539740", "productId": "3888", "size": "19 oz box"},
{"thumb": "http://i4.peapod.com/c/KK/KKNHZ.gif", "price": "399", "unit_price": "$.38/ oz", "name": "Kellogg's Frosted Flakes Cereal", "cnid": "53539740", "productId": "3886", "size": "10.5 oz box"},
{"thumb": "http://i4.peapod.com/c/KK/KKNHZ.gif", "price": "429", "unit_price": "$.28/ oz", "name": "Kellogg's Honey Smacks Cereal", "cnid": "53539740", "productId": "3883", "size": "15.3 oz box"},
{"thumb": "http://i4.peapod.com/c/KK/KKNHZ.gif", "price": "399", "unit_price": "$.35/ oz", "name": "Kellogg's Krave Cereal Multigrain Chocolate", "cnid": "53539740", "productId": "178267", "size": "11.4 oz box"},
{"thumb": "http://i4.peapod.com/c/KK/KKNHZ.gif", "price": "379", "unit_price": "$.33/ oz", "name": "Kellogg's Krave Cereal Multigrain Double Chocolate", "cnid": "53539740", "productId": "178268", "size": "11.4 oz box"},
{"thumb": "http://i4.peapod.com/c/KK/KKNHZ.gif", "price": "429", "unit_price": "$.24/ oz", "name": "Kellogg's Mini Wheats Cereal Frosted Bite Size", "cnid": "53539740", "productId": "3905", "size": "18 oz box"},
{"thumb": "http://i4.peapod.com/c/KK/KKNHZ.gif", "price": "469", "unit_price": "$.19/ oz", "name": "Kellogg's Mini Wheats Cereal Frosted Bite Size", "cnid": "53539740", "productId": "3906", "size": "24 oz box"},
{"thumb": "http://i4.peapod.com/c/KK/KKNHZ.gif", "price": "429", "unit_price": "$.28/ oz", "name": "Kellogg's Mini Wheats Cereal Frosted Chocolate Little Bites", "cnid": "53539740", "productId": "153260", "size": "15.2 oz box"},
{"thumb": "http://i4.peapod.com/c/KK/KKNHZ.gif", "price": "429", "unit_price": "$.28/ oz", "name": "Kellogg's Mini Wheats Cereal Frosted Maple & Brown Sugar", "cnid": "53539740", "productId": "138484", "size": "15.5 oz box"},
{"thumb": "http://i4.peapod.com/c/KK/KKNHZ.gif", "price": "399", "unit_price": "$.26/ oz", "name": "Kellogg's Mini Wheats Cereal Frosted Strawberry Delight", "cnid": "53539740", "productId": "139981", "size": "15.5 oz box"},
{"thumb": "http://i4.peapod.com/c/KK/KKNHZ.gif", "price": "429", "unit_price": "$.29/ oz", "name": "Kellogg's Mini Wheats Cereal Frosted Touch of Fruit in Middle Mixed Berry", "cnid": "53539740", "productId": "161795", "size": "15 oz box"},
{"thumb": "http://i4.peapod.com/c/KK/KKNHZ.gif", "price": "479", "unit_price": "$.40/ oz", "name": "Kellogg's Product 19 Cereal", "cnid": "53539740", "productId": "3893", "size": "12 oz box"},
{"thumb": "http://i4.peapod.com/c/KK/KKNHZ.gif", "price": "399", "unit_price": "$.21/ oz", "name": "Kellogg's Raisin Bran Cereal", "cnid": "53539740", "productId": "3879", "size": "18.7 oz box"},
{"thumb": "http://i4.peapod.com/c/KK/KKNHZ.gif", "price": "369", "unit_price": "$.27/ oz", "name": "Kellogg's Raisin Bran Cereal", "cnid": "53539740", "productId": "27303", "size": "13.7 oz box"},
{"thumb": "http://i4.peapod.com/c/KK/KKNHZ.gif", "price": "449", "unit_price": "$.19/ oz", "name": "Kellogg's Raisin Bran Cereal Value Size", "cnid": "53539740", "productId": "3880", "size": "23.5 oz box"},
{"thumb": "http://i4.peapod.com/c/KK/KKNHZ.gif", "price": "449", "unit_price": "$.25/ oz", "name": "Kellogg's Raisin Bran Crunch Cereal", "cnid": "53539740", "productId": "102852", "size": "18.2 oz box"},
{"thumb": "http://i4.peapod.com/c/KK/KKNHZ.gif", "price": "399", "unit_price": "$.44/ oz", "name": "Kellogg's Rice Krispies Cereal", "cnid": "53539740", "productId": "3875", "size": "9 oz box"},
{"thumb": "http://i4.peapod.com/c/KK/KKNHZ.gif", "price": "499", "unit_price": "$.28/ oz", "name": "Kellogg's Rice Krispies Cereal", "cnid": "53539740", "productId": "3877", "size": "18 oz box"},
{"thumb": "http://i4.peapod.com/c/KK/KKNHZ.gif", "price": "449", "unit_price": "$.37/ oz", "name": "Kellogg's Rice Krispies Cereal", "cnid": "53539740", "productId": "3876", "size": "12 oz box"},
{"thumb": "http://i4.peapod.com/c/KK/KKNHZ.gif", "price": "449", "unit_price": "$.29/ oz", "name": "Kellogg's Rice Krispies Cereal Cocoa", "cnid": "53539740", "productId": "3882", "size": "15.5 oz box"},
{"thumb": "http://i4.peapod.com/c/KK/KKNHZ.gif", "price": "449", "unit_price": "$.26/ oz", "name": "Kellogg's Smart Start Cereal with Antioxidants", "cnid": "53539740", "productId": "119411", "size": "17.5 oz box"},
{"thumb": "http://i4.peapod.com/c/KK/KKNHZ.gif", "price": "399", "unit_price": "$.33/ oz", "name": "Kellogg's Special K Cereal", "cnid": "53539740", "productId": "3889", "size": "12 oz box"},
{"thumb": "http://i4.peapod.com/c/KK/KKNHZ.gif", "price": "499", "unit_price": "$.28/ oz", "name": "Kellogg's Special K Cereal", "cnid": "53539740", "productId": "3890", "size": "18 oz box"},
{"thumb": "http://i4.peapod.com/c/KK/KKNHZ.gif", "price": "399", "unit_price": "$.35/ oz", "name": "Kellogg's Special K Cereal Blueberry", "cnid": "53539740", "productId": "153257", "size": "11.4 oz box"},
{"thumb": "http://i4.peapod.com/c/KK/KKNHZ.gif", "price": "399", "unit_price": "$.30/ oz", "name": "Kellogg's Special K Cereal Chocolatey Delight", "cnid": "53539740", "productId": "143929", "size": "13.4 oz box"},
{"thumb": "http://i4.peapod.com/c/KK/KKNHZ.gif", "price": "399", "unit_price": "$.32/ oz", "name": "Kellogg's Special K Cereal Cinnamon Pecan", "cnid": "53539740", "productId": "148134", "size": "12.5 oz box"},
{"thumb": "http://i4.peapod.com/c/KK/KKNHZ.gif", "price": "399", "unit_price": "$.30/ oz", "name": "Kellogg's Special K Cereal Low Carb Lifestyle Protein Plus", "cnid": "53539740", "productId": "135504", "size": "13.5 oz box"},
{"thumb": "http://i4.peapod.com/c/KK/KKNHZ.gif", "price": "499", "unit_price": "$.34/ oz", "name": "Kellogg's Special K Cereal Red Berries", "cnid": "53539740", "productId": "126395", "size": "14.7 oz box"},
{"thumb": "http://i4.peapod.com/c/KK/KKNHZ.gif", "price": "399", "unit_price": "$.32/ oz", "name": "Kellogg's Special K Cereal Vanilla Almond", "cnid": "53539740", "productId": "135503", "size": "12.4 oz box"},
{"thumb": "http://i4.peapod.com/c/KK/KKNHZ.gif", "price": "399", "unit_price": "$.31/ oz", "name": "Kellogg's Special K Cereal with Fruit 'N Yogurt", "cnid": "53539740", "productId": "141108", "size": "12.8 oz box"},
{"thumb": "http://i4.peapod.com/c/KK/KKNHZ.gif", "price": "399", "unit_price": "$.36/ oz", "name": "Kellogg's Special K Cereal with Red Berries", "cnid": "53539740", "productId": "123952", "size": "11.2 oz box"},
{"thumb": "http://i4.peapod.com/c/KK/KKNHZ.gif", "price": "499", "unit_price": "$.33/ oz", "name": "McCann's Instant Irish Oatmeal Maple & Brown Sugar - 10 ct", "cnid": "53539740", "productId": "146111", "size": "15.1 oz box"},
{"thumb": "http://i4.peapod.com/c/KK/KKNHZ.gif", "price": "979", "unit_price": "$.35/ oz", "name": "McCann's Irish Oatmeal Steel Cut", "cnid": "53539740", "productId": "64057", "size": "28 oz can"},
{"thumb": "http://i4.peapod.com/c/KK/KKNHZ.gif", "price": "499", "unit_price": "$.31/ oz", "name": "McCann's Quick Cooking Irish Oatmeal", "cnid": "53539740", "productId": "22645", "size": "16 oz box"},
{"thumb": "http://i4.peapod.com/c/KK/KKNHZ.gif", "price": "439", "unit_price": "$.16/ oz", "name": "Nabisco Cream of Wheat 1 Minute Cook Time", "cnid": "53539740", "productId": "652", "size": "28 oz box"},
{"thumb": "http://i4.peapod.com/c/KK/KKNHZ.gif", "price": "439", "unit_price": "$.16/ oz", "name": "Nabisco Cream of Wheat Quick", "cnid": "53539740", "productId": "651", "size": "28 oz box"},
{"thumb": "http://i4.peapod.com/c/KK/KKNHZ.gif", "price": "439", "unit_price": "$.37/ oz", "name": "Nabisco Instant Cream of Wheat Hot Cereal - 12 ct", "cnid": "53539740", "productId": "657", "size": "12 oz pkg"},
{"thumb": "http://i4.peapod.com/c/KK/KKNHZ.gif", "price": "439", "unit_price": "$.35/ oz", "name": "Nabisco Instant Cream of Wheat Hot Cereal Maple Brown Sugar - 10 ct", "cnid": "53539740", "productId": "154084", "size": "12.5 oz box"},
{"thumb": "http://i4.peapod.com/c/KK/KKNHZ.gif", "price": "439", "unit_price": "$.35/ oz", "name": "Nabisco Instant Cream of Wheat Whole Grain Hot Cereal Healthy Grain - 8 ct", "cnid": "53539740", "productId": "163227", "size": "12.7 oz box"},
{"thumb": "http://i4.peapod.com/c/KK/KKNHZ.gif", "price": "379", "unit_price": "$.36/ oz", "name": "Nature's Path EnviroKidz Cereal Panda Puffs Peanut Butter Organic", "cnid": "53539740", "productId": "146179", "size": "10.6 oz box"},
{"thumb": "http://i4.peapod.com/c/KK/KKNHZ.gif", "price": "300", "unit_price": "$.25/ oz", "name": "Nature's Promise Naturals Granola Banana Nut", "cnid": "53539740", "productId": "174922", "size": "12 oz pkg"},
{"thumb": "http://i4.peapod.com/c/KK/KKNHZ.gif", "price": "329", "unit_price": "$.33/ oz", "name": "Nature's Promise Organics Instant Oatmeal Apple Cinnamon - 8 ct", "cnid": "53539740", "productId": "157905", "size": "10 oz box"},
{"thumb": "http://i4.peapod.com/c/KK/KKNHZ.gif", "price": "329", "unit_price": "$.27/ oz", "name": "Nature's Promise Organics Instant Oatmeal Maple - 8 ct", "cnid": "53539740", "productId": "158031", "size": "12 oz box"},
{"thumb": "http://i4.peapod.com/c/KK/KKNHZ.gif", "price": "249", "unit_price": "$.14/ oz", "name": "Nature's Promise Organics Quick Oats Rolled", "cnid": "53539740", "productId": "157907", "size": "18 oz ctn"},
{"thumb": "http://i4.peapod.com/c/KK/KKNHZ.gif", "price": "399", "unit_price": "$.31/ oz", "name": "Newman's Own Cereal Sweet Enough Vanilla Almond", "cnid": "53539740", "productId": "157956", "size": "13 oz box"},
{"thumb": "http://i4.peapod.com/c/KK/KKNHZ.gif", "price": "319", "unit_price": "$.17/ oz", "name": "Old Wessex Ltd. Hot Cereal 5 Grain Whole Grain All Natural", "cnid": "53539740", "productId": "154905", "size": "18.5 oz can"},
{"thumb": "http://i4.peapod.com/c/KK/KKNHZ.gif", "price": "269", "unit_price": "$.14/ oz", "name": "Old Wessex Ltd. Oatmeal Irish Style Whole Grain All Natural", "cnid": "53539740", "productId": "120386", "size": "18.5 oz can"},
{"thumb": "http://i4.peapod.com/c/KK/KKNHZ.gif", "price": "399", "unit_price": "$.27/ oz", "name": "Post Cereal Shredded Wheat Original", "cnid": "53539740", "productId": "638", "size": "15 oz box"},
{"thumb": "http://i4.peapod.com/c/KK/KKNHZ.gif", "price": "399", "unit_price": "$.24/ oz", "name": "Post Cereal Shredded Wheat Original Spoon Size", "cnid": "53539740", "productId": "640", "size": "16.4 oz box"},
{"thumb": "http://i4.peapod.com/c/KK/KKNHZ.gif", "price": "399", "unit_price": "$.22/ oz", "name": "Post Cereal Shredded Wheat Wheat 'n Bran Spoon Size 100% Natural", "cnid": "53539740", "productId": "654", "size": "18 oz box"},
{"thumb": "http://i4.peapod.com/c/KK/KKNHZ.gif", "price": "349", "unit_price": "$.32/ oz", "name": "Post Cocoa Pebbles Cereal", "cnid": "53539740", "productId": "5939", "size": "11 oz box"},
{"thumb": "http://i4.peapod.com/c/KK/KKNHZ.gif", "price": "350", "unit_price": "$.23/ oz", "name": "Post Fruity Pebbles Cereal", "cnid": "53539740", "productId": "14460", "size": "15 oz box"},
{"thumb": "http://i4.peapod.com/c/KK/KKNHZ.gif", "price": "429", "unit_price": "$.18/ oz", "name": "Post Grape-Nuts Cereal 100% Natural", "cnid": "53539740", "productId": "5929", "size": "24 oz box"},
{"thumb": "http://i4.peapod.com/c/KK/KKNHZ.gif", "price": "350", "unit_price": "$.19/ oz", "name": "Post Honey Bunches of Oats Cereal Honey Roasted", "cnid": "53539740", "productId": "137238", "size": "18 oz box"},
{"thumb": "http://i4.peapod.com/c/KK/KKNHZ.gif", "price": "429", "unit_price": "$.30/ oz", "name": "Post Honey Bunches of Oats Cereal Honey Roasted", "cnid": "53539740", "productId": "14124", "size": "14.5 oz box"},
{"thumb": "http://i4.peapod.com/c/KK/KKNHZ.gif", "price": "429", "unit_price": "$.30/ oz", "name": "Post Honey Bunches of Oats Cereal with Almonds", "cnid": "53539740", "productId": "5932", "size": "14.5 oz box"},
{"thumb": "http://i4.peapod.com/c/KK/KKNHZ.gif", "price": "350", "unit_price": "$.19/ oz", "name": "Post Honey Bunches of Oats Cereal with Almonds", "cnid": "53539740", "productId": "137237", "size": "18 oz box"},
{"thumb": "http://i4.peapod.com/c/KK/KKNHZ.gif", "price": "429", "unit_price": "$.30/ oz", "name": "Post Honey Bunches of Oats Cereal with Cinnamon Bunches", "cnid": "53539740", "productId": "147170", "size": "14.5 oz box"},
{"thumb": "http://i4.peapod.com/c/KK/KKNHZ.gif", "price": "359", "unit_price": "$.29/ oz", "name": "Post Honeycomb Cereal", "cnid": "53539740", "productId": "5931", "size": "12.5 oz box"},
{"thumb": "http://i4.peapod.com/c/KK/KKNHZ.gif", "price": "350", "unit_price": "$.14/ oz", "name": "Post Raisin Bran Cereal", "cnid": "53539740", "productId": "22882", "size": "25 oz box"},
{"thumb": "http://i4.peapod.com/c/KK/KKNHZ.gif", "price": "399", "unit_price": "$.26/ oz", "name": "Post Selects Cereal Banana Nut Crunch", "cnid": "53539740", "productId": "18609", "size": "15.5 oz box"},
{"thumb": "http://i4.peapod.com/c/KK/KKNHZ.gif", "price": "399", "unit_price": "$.28/ oz", "name": "Post Selects Cereal Cranberry Almond Crunch", "cnid": "53539740", "productId": "50875", "size": "14 oz box"},
{"thumb": "http://i4.peapod.com/c/KK/KKNHZ.gif", "price": "399", "unit_price": "$.25/ oz", "name": "Post Selects Great Grains Cereal Crunchy Pecan", "cnid": "53539740", "productId": "33172", "size": "16 oz box"},
{"thumb": "http://i4.peapod.com/c/KK/KKNHZ.gif", "price": "399", "unit_price": "$.25/ oz", "name": "Post Selects Great Grains Cereal Raisins, Dates & Pecans", "cnid": "53539740", "productId": "33210", "size": "16 oz box"},
{"thumb": "http://i4.peapod.com/c/KK/KKNHZ.gif", "price": "300", "unit_price": "$.21/ oz", "name": "Quaker Cap'n Crunch Cereal", "cnid": "53539740", "productId": "2883", "size": "14 oz box"},
{"thumb": "http://i4.peapod.com/c/KK/KKNHZ.gif", "price": "300", "unit_price": "$.24/ oz", "name": "Quaker Cap'n Crunch Cereal Peanut Butter", "cnid": "53539740", "productId": "2881", "size": "12.5 oz box"},
{"thumb": "http://i4.peapod.com/c/KK/KKNHZ.gif", "price": "479", "unit_price": "$.33/ oz", "name": "Quaker Essentials Toasted Oatmeal Squares Cereal", "cnid": "53539740", "productId": "2880", "size": "14.5 oz box"},
{"thumb": "http://i4.peapod.com/c/KK/KKNHZ.gif", "price": "579", "unit_price": "$.21/ oz", "name": "Quaker Granola with Oats, Honey & Raisins 100% Natural", "cnid": "53539740", "productId": "2884", "size": "28 oz box"},
{"thumb": "http://i4.peapod.com/c/KK/KKNHZ.gif", "price": "299", "unit_price": "$.25/ oz", "name": "Quaker Instant Grits Original - 12 ct", "cnid": "53539740", "productId": "2851", "size": "12 oz box"},
{"thumb": "http://i4.peapod.com/c/KK/KKNHZ.gif", "price": "250", "unit_price": "$.17/ oz", "name": "Quaker Instant Oatmeal Apple & Cinnamon - 10 ct", "cnid": "53539740", "productId": "2824", "size": "15.1 oz box"},
{"thumb": "http://i4.peapod.com/c/KK/KKNHZ.gif", "price": "250", "unit_price": "$.20/ oz", "name": "Quaker Instant Oatmeal Crunch High Fiber Maple Brown Sugar - 8 ct", "cnid": "53539740", "productId": "154082", "size": "12.6 oz box"},
{"thumb": "http://i4.peapod.com/c/KK/KKNHZ.gif", "price": "250", "unit_price": "$.18/ oz", "name": "Quaker Instant Oatmeal Dinosaur Eggs Maple N Brown Sugar - 8 ct", "cnid": "53539740", "productId": "99847", "size": "14.1 oz box"},
{"thumb": "http://i4.peapod.com/c/KK/KKNHZ.gif", "price": "250", "unit_price": "$.20/ oz", "name": "Quaker Instant Oatmeal Fruit & Cream Variety - 10 ct", "cnid": "53539740", "productId": "2828", "size": "12.3 oz box"},
{"thumb": "http://i4.peapod.com/c/KK/KKNHZ.gif", "price": "250", "unit_price": "$.17/ oz", "name": "Quaker Instant Oatmeal Maple & Brown Sugar - 10 ct", "cnid": "53539740", "productId": "2819", "size": "15.1 oz pkg"},
{"thumb": "http://i4.peapod.com/c/KK/KKNHZ.gif", "price": "250", "unit_price": "$.21/ oz", "name": "Quaker Instant Oatmeal Maple & Brown Sugar Lower Sugar - 10 ct", "cnid": "53539740", "productId": "137284", "size": "11.9 oz box"},
{"thumb": "http://i4.peapod.com/c/KK/KKNHZ.gif", "price": "250", "unit_price": "$.22/ oz", "name": "Quaker Instant Oatmeal Maple & Brown Sugar Weight Control - 8 ct", "cnid": "53539740", "productId": "147169", "size": "11.5 oz box"},
{"thumb": "http://i4.peapod.com/c/KK/KKNHZ.gif", "price": "250", "unit_price": "$.19/ oz", "name": "Quaker Instant Oatmeal Raisin, Date & Walnut - 10 ct", "cnid": "53539740", "productId": "13072", "size": "13 oz pkg"},
{"thumb": "http://i4.peapod.com/c/KK/KKNHZ.gif", "price": "250", "unit_price": "$.17/ oz", "name": "Quaker Instant Oatmeal Raisins & Spice - 10 ct", "cnid": "53539740", "productId": "26988", "size": "15.1 oz box"},
{"thumb": "http://i4.peapod.com/c/KK/KKNHZ.gif", "price": "250", "unit_price": "$.21/ oz", "name": "Quaker Instant Oatmeal Regular - 12 ct", "cnid": "53539740", "productId": "2821", "size": "11.8 oz pkg"},
{"thumb": "http://i4.peapod.com/c/KK/KKNHZ.gif", "price": "250", "unit_price": "$.20/ oz", "name": "Quaker Instant Oatmeal Variety Pack Weight Control - 8 ct", "cnid": "53539740", "productId": "154083", "size": "12.6 oz box"},
{"thumb": "http://i4.peapod.com/c/KK/KKNHZ.gif", "price": "479", "unit_price": "$.27/ oz", "name": "Quaker Life Cereal Original Multigrain", "cnid": "53539740", "productId": "2876", "size": "18 oz box"},
{"thumb": "http://i4.peapod.com/c/KK/KKNHZ.gif", "price": "250", "unit_price": "$.14/ oz", "name": "Quaker Oats Rolled Old Fashioned", "cnid": "53539740", "productId": "2816", "size": "18 oz can"},
{"thumb": "http://i4.peapod.com/c/KK/KKNHZ.gif", "price": "499", "unit_price": "$.12/ oz", "name": "Quaker Oats Rolled Old Fashioned", "cnid": "53539740", "productId": "2817", "size": "42 oz can"},
{"thumb": "http://i4.peapod.com/c/KK/KKNHZ.gif", "price": "499", "unit_price": "$.21/ oz", "name": "Quaker Oats Steel Cut", "cnid": "53539740", "productId": "146170", "size": "24 oz can"},
{"thumb": "http://i4.peapod.com/c/KK/KKNHZ.gif", "price": "499", "unit_price": "$.12/ oz", "name": "Quaker Quick 1-Minute Oats Rolled", "cnid": "53539740", "productId": "2820", "size": "42 oz can"},
{"thumb": "http://i4.peapod.com/c/KK/KKNHZ.gif", "price": "250", "unit_price": "$.14/ oz", "name": "Quaker Quick 1-Minute Oats Rolled", "cnid": "53539740", "productId": "2818", "size": "18 oz can"},
{"thumb": "http://i4.peapod.com/c/KK/KKNHZ.gif", "price": "249", "unit_price": "$.10/ oz", "name": "Quaker Quick Grits", "cnid": "53539740", "productId": "2842", "size": "24 oz can"},
{"thumb": "http://i4.peapod.com/c/KK/KKNHZ.gif", "price": "150", "unit_price": "$.58/ oz", "name": "Quaker Real Medleys Oatmeal + Cherry Pistachio", "cnid": "53539740", "productId": "177962", "size": "2.57 oz cup"},
{"thumb": "http://i4.peapod.com/c/KK/KKNHZ.gif", "price": "299", "unit_price": "$.25/ oz", "name": "Stop & Shop Be Well Cereal Berry", "cnid": "53539740", "productId": "183628", "size": "12 oz box"},
{"thumb": "http://i4.peapod.com/c/KK/KKNHZ.gif", "price": "299", "unit_price": "$.17/ oz", "name": "Stop & Shop Cereal Bran Flakes", "cnid": "53539740", "productId": "57797", "size": "17.3 oz box"},
{"thumb": "http://i4.peapod.com/c/KK/KKNHZ.gif", "price": "250", "unit_price": "$.21/ oz", "name": "Stop & Shop Cereal Crispy Rice", "cnid": "53539740", "productId": "158637", "size": "12 oz box"},
{"thumb": "http://i4.peapod.com/c/KK/KKNHZ.gif", "price": "169", "unit_price": "$.28/ oz", "name": "Stop & Shop Cereal Puffed Rice", "cnid": "53539740", "productId": "174917", "size": "6 oz box"},
{"thumb": "http://i4.peapod.com/c/KK/KKNHZ.gif", "price": "169", "unit_price": "$.28/ oz", "name": "Stop & Shop Cereal Puffed Wheat", "cnid": "53539740", "productId": "161966", "size": "6 oz box"},
{"thumb": "http://i4.peapod.com/c/KK/KKNHZ.gif", "price": "299", "unit_price": "$.15/ oz", "name": "Stop & Shop Cereal Raisin Bran", "cnid": "53539740", "productId": "158001", "size": "20 oz box"},
{"thumb": "http://i4.peapod.com/c/KK/KKNHZ.gif", "price": "299", "unit_price": "$.18/ oz", "name": "Stop & Shop Cereal Shredded Wheat Bite Size 100% Natural", "cnid": "53539740", "productId": "161954", "size": "16.4 oz box"},
{"thumb": "http://i4.peapod.com/c/KK/KKNHZ.gif", "price": "299", "unit_price": "$.17/ oz", "name": "Stop & Shop Cereal Shredded Wheat Frosted Bite Size", "cnid": "53539740", "productId": "128390", "size": "18 oz box"},
{"thumb": "http://i4.peapod.com/c/KK/KKNHZ.gif", "price": "339", "unit_price": "$.21/ oz", "name": "Stop & Shop Fiber Select Cereal Bran", "cnid": "53539740", "productId": "158291", "size": "16 oz box"},
{"thumb": "http://i4.peapod.com/c/KK/KKNHZ.gif", "price": "299", "unit_price": "$.19/ oz", "name": "Stop & Shop Granola Oats, Honey & Raisins", "cnid": "53539740", "productId": "57810", "size": "16 oz box"},
{"thumb": "http://i4.peapod.com/c/KK/KKNHZ.gif", "price": "299", "unit_price": "$.19/ oz", "name": "Stop & Shop Granola Oats & Honey", "cnid": "53539740", "productId": "57811", "size": "16 oz box"},
{"thumb": "http://i4.peapod.com/c/KK/KKNHZ.gif", "price": "359", "unit_price": "$.29/ oz", "name": "Stop & Shop Instant Cream Farina Maple Brown Sugar - 10 ct", "cnid": "53539740", "productId": "155702", "size": "12.3 oz box"},
{"thumb": "http://i4.peapod.com/c/KK/KKNHZ.gif", "price": "359", "unit_price": "$.30/ oz", "name": "Stop & Shop Instant Cream Farina Original Flavor - 12 ct", "cnid": "53539740", "productId": "155701", "size": "11.8 oz box"},
{"thumb": "http://i4.peapod.com/c/KK/KKNHZ.gif", "price": "299", "unit_price": "$.24/ oz", "name": "Stop & Shop Instant Oatmeal Apple Cinnamon - 10 ct", "cnid": "53539740", "productId": "57641", "size": "12.3 oz box"},
{"thumb": "http://i4.peapod.com/c/KK/KKNHZ.gif", "price": "299", "unit_price": "$.24/ oz", "name": "Stop & Shop Instant Oatmeal Fruit & Cream Variety Pack - 10 ct", "cnid": "53539740", "productId": "79158", "size": "12.3 oz box"},
{"thumb": "http://i4.peapod.com/c/KK/KKNHZ.gif", "price": "299", "unit_price": "$.20/ oz", "name": "Stop & Shop Instant Oatmeal Honey Nut - 10 ct", "cnid": "53539740", "productId": "158640", "size": "15.1 oz box"},
{"thumb": "http://i4.peapod.com/c/KK/KKNHZ.gif", "price": "299", "unit_price": "$.20/ oz", "name": "Stop & Shop Instant Oatmeal Maple Brown Sugar - 10 ct", "cnid": "53539740", "productId": "57812", "size": "15.1 oz box"},
{"thumb": "http://i4.peapod.com/c/KK/KKNHZ.gif", "price": "299", "unit_price": "$.25/ oz", "name": "Stop & Shop Instant Oatmeal Original Flavor - 12 ct", "cnid": "53539740", "productId": "57814", "size": "11.8 oz box"},
{"thumb": "http://i4.peapod.com/c/KK/KKNHZ.gif", "price": "299", "unit_price": "$.23/ oz", "name": "Stop & Shop Instant Oatmeal Raisin, Date & Walnut - 10 ct", "cnid": "53539740", "productId": "158638", "size": "13 oz box"},
{"thumb": "http://i4.peapod.com/c/KK/KKNHZ.gif", "price": "299", "unit_price": "$.20/ oz", "name": "Stop & Shop Instant Oatmeal Raisin Spice - 10 ct", "cnid": "53539740", "productId": "158639", "size": "15.1 oz box"},
{"thumb": "http://i4.peapod.com/c/KK/KKNHZ.gif", "price": "299", "unit_price": "$.24/ oz", "name": "Stop & Shop Oats & O's Cereal Honey Nut", "cnid": "53539740", "productId": "57805", "size": "12.5 oz box"},
{"thumb": "http://i4.peapod.com/c/KK/KKNHZ.gif", "price": "299", "unit_price": "$.21/ oz", "name": "Stop & Shop Oats & O's Cereal Toasted Whole Grain Oat", "cnid": "53539740", "productId": "63052", "size": "14 oz box"},
{"thumb": "http://i4.peapod.com/c/KK/KKNHZ.gif", "price": "399", "unit_price": "$.09/ oz", "name": "Stop & Shop Oats Rolled Old Fashioned", "cnid": "53539740", "productId": "118806", "size": "42 oz pkg"},
{"thumb": "http://i4.peapod.com/c/KK/KKNHZ.gif", "price": "399", "unit_price": "$.09/ oz", "name": "Stop & Shop Quick Oats Microwaveable 100% Natural", "cnid": "53539740", "productId": "57815", "size": "42 oz can"},
{"thumb": "http://i4.peapod.com/c/KK/KKNHZ.gif", "price": "279", "unit_price": "$.15/ oz", "name": "Stop & Shop Raisin Bran Cereal Crunchy Granola", "cnid": "53539740", "productId": "190229", "size": "18.2 oz box"},
{"thumb": "http://i4.peapod.com/c/KK/KKNHZ.gif", "price": "569", "unit_price": "$.41/ oz", "name": "Alpen Muesli Cereal No Sugar Added All Natural", "cnid": "56539610", "productId": "36405", "size": "14 oz box"},
{"thumb": "http://i4.peapod.com/c/KK/KKNHZ.gif", "price": "299", "unit_price": "$.30/ oz", "name": "Barbara's Puffins Cereal Cinnamon All Natural", "cnid": "56539610", "productId": "129616", "size": "10 oz box"},
{"thumb": "http://i4.peapod.com/c/KK/KKNHZ.gif", "price": "299", "unit_price": "$.30/ oz", "name": "Barbara's Puffins Cereal Original All Natural", "cnid": "56539610", "productId": "77031", "size": "10 oz box"},
{"thumb": "http://i4.peapod.com/c/KK/KKNHZ.gif", "price": "299", "unit_price": "$.27/ oz", "name": "Barbara's Puffins Cereal Peanut Butter All Natural", "cnid": "56539610", "productId": "145018", "size": "11 oz box"},
{"thumb": "http://i4.peapod.com/c/KK/KKNHZ.gif", "price": "399", "unit_price": "$.33/ oz", "name": "Bear Naked Fit Granola Triple Berry Crunch 100% Natural", "cnid": "56539610", "productId": "139996", "size": "12 oz bag"},
{"thumb": "http://i4.peapod.com/c/KK/KKNHZ.gif", "price": "399", "unit_price": "$.33/ oz", "name": "Bear Naked Fit Granola Vanilla Almond Crunch 100% Natural", "cnid": "56539610", "productId": "139997", "size": "12 oz bag"},
{"thumb": "http://i4.peapod.com/c/KK/KKNHZ.gif", "price": "399", "unit_price": "$.33/ oz", "name": "Bear Naked Granola Fruit & Nut 100% Natural", "cnid": "56539610", "productId": "138756", "size": "12 oz bag"},
{"thumb": "http://i4.peapod.com/c/KK/KKNHZ.gif", "price": "449", "unit_price": "$.43/ oz", "name": "Cascadian Farm Cereal Honey Nut O's Whole Grain with Almonds Organic", "cnid": "56539610", "productId": "131412", "size": "10.4 oz box"},
{"thumb": "http://i4.peapod.com/c/KK/KKNHZ.gif", "price": "449", "unit_price": "$.50/ oz", "name": "Cascadian Farm Cereal Purely O's Organic", "cnid": "56539610", "productId": "156313", "size": "9 oz box"},
{"thumb": "http://i4.peapod.com/c/KK/KKNHZ.gif", "price": "399", "unit_price": "$.28/ oz", "name": "Cascadian Farm Cereal Raisin Bran Organic", "cnid": "56539610", "productId": "161509", "size": "14 oz box"},
{"thumb": "http://i4.peapod.com/c/KK/KKNHZ.gif", "price": "449", "unit_price": "$.34/ oz", "name": "Cascadian Farm Cereal Squares Multigrain Organic", "cnid": "56539610", "productId": "131411", "size": "13 oz box"},
{"thumb": "http://i4.peapod.com/c/KK/KKNHZ.gif", "price": "449", "unit_price": "$.26/ oz", "name": "Cascadian Farm Granola Oats & Honey Organic", "cnid": "56539610", "productId": "132375", "size": "17 oz box"},
{"thumb": "http://i4.peapod.com/c/KK/KKNHZ.gif", "price": "449", "unit_price": "$.44/ oz", "name": "Cascadian Farm Kids Cereal Cinnamon Crunch Organic", "cnid": "56539610", "productId": "156312", "size": "10.3 oz box"},
{"thumb": "http://i4.peapod.com/c/KK/KKNHZ.gif", "price": "439", "unit_price": "$.40/ oz", "name": "Cascadian Farm Kids Cereal Fruitful O's Organic", "cnid": "56539610", "productId": "162016", "size": "11 oz box"},
{"thumb": "http://i4.peapod.com/c/KK/KKNHZ.gif", "price": "449", "unit_price": "$.28/ oz", "name": "General Mills Basic Four Cereal", "cnid": "56539610", "productId": "1164", "size": "16 oz box"},
{"thumb": "http://i4.peapod.com/c/KK/KKNHZ.gif", "price": "459", "unit_price": "$.27/ oz", "name": "General Mills Cereal Raisin Nut Bran", "cnid": "56539610", "productId": "1174", "size": "17.1 oz box"},
{"thumb": "http://i4.peapod.com/c/KK/KKNHZ.gif", "price": "100", "unit_price": "$.77/ oz", "name": "General Mills Cheerios Cereal", "cnid": "56539610", "productId": "158515", "size": "1.3 oz box"},
{"thumb": "http://i4.peapod.com/c/KK/KKNHZ.gif", "price": "459", "unit_price": "$.25/ oz", "name": "General Mills Cheerios Cereal", "cnid": "56539610", "productId": "1181", "size": "18 oz box"},
{"thumb": "http://i4.peapod.com/c/KK/KKNHZ.gif", "price": "399", "unit_price": "$.28/ oz", "name": "General Mills Cheerios Cereal", "cnid": "56539610", "productId": "1180", "size": "14 oz box"},
{"thumb": "http://i4.peapod.com/c/KK/KKNHZ.gif", "price": "379", "unit_price": "$.29/ oz", "name": "General Mills Cheerios Cereal Apple Cinnamon", "cnid": "56539610", "productId": "1158", "size": "12.9 oz box"},
{"thumb": "http://i4.peapod.com/c/KK/KKNHZ.gif", "price": "425", "unit_price": "$.24/ oz", "name": "General Mills Cheerios Cereal Apple Cinnamon", "cnid": "56539610", "productId": "1159", "size": "18 oz box"},
{"thumb": "http://i4.peapod.com/c/KK/KKNHZ.gif", "price": "279", "unit_price": "$.26/ oz", "name": "General Mills Cheerios Cereal Banana Nut", "cnid": "56539610", "productId": "153955", "size": "10.9 oz box"},
{"thumb": "http://i4.peapod.com/c/KK/KKNHZ.gif", "price": "379", "unit_price": "$.34/ oz", "name": "General Mills Cheerios Cereal Chocolate", "cnid": "56539610", "productId": "158012", "size": "11.2 oz box"},
{"thumb": "http://i4.peapod.com/c/KK/KKNHZ.gif", "price": "279", "unit_price": "$.23/ oz", "name": "General Mills Cheerios Cereal Fruity", "cnid": "56539610", "productId": "141907", "size": "12 oz box"},
{"thumb": "http://i4.peapod.com/c/KK/KKNHZ.gif", "price": "100", "unit_price": "$.56/ oz", "name": "General Mills Cheerios Cereal Honey Nut", "cnid": "56539610", "productId": "158517", "size": "1.8 oz cup"},
{"thumb": "http://i4.peapod.com/c/KK/KKNHZ.gif", "price": "499", "unit_price": "$.29/ oz", "name": "General Mills Cheerios Cereal Honey Nut", "cnid": "56539610", "productId": "1182", "size": "17 oz box"},
{"thumb": "http://i4.peapod.com/c/KK/KKNHZ.gif", "price": "499", "unit_price": "$.31/ oz", "name": "General Mills Cheerios Cereal Multigrain", "cnid": "56539610", "productId": "154917", "size": "16.2 oz box"},
{"thumb": "http://i4.peapod.com/c/KK/KKNHZ.gif", "price": "399", "unit_price": "$.31/ oz", "name": "General Mills Cheerios Cereal Multigrain", "cnid": "56539610", "productId": "13426", "size": "12.8 oz box"},
{"thumb": "http://i4.peapod.com/c/KK/KKNHZ.gif", "price": "379", "unit_price": "$.34/ oz", "name": "General Mills Cheerios Cereal Multigrain Peanut Butter", "cnid": "56539610", "productId": "175127", "size": "11.3 oz box"},
{"thumb": "http://i4.peapod.com/c/KK/KKNHZ.gif", "price": "399", "unit_price": "$.29/ oz", "name": "General Mills Chex Cereal Apple Cinnamon Gluten Free", "cnid": "56539610", "productId": "186909", "size": "13.7 oz box"},
{"thumb": "http://i4.peapod.com/c/KK/KKNHZ.gif", "price": "399", "unit_price": "$.30/ oz", "name": "General Mills Chex Cereal Cinnamon", "cnid": "56539610", "productId": "158535", "size": "13.5 oz box"},
{"thumb": "http://i4.peapod.com/c/KK/KKNHZ.gif", "price": "399", "unit_price": "$.28/ oz", "name": "General Mills Chex Cereal Corn", "cnid": "56539610", "productId": "1317", "size": "14 oz box"},
{"thumb": "http://i4.peapod.com/c/KK/KKNHZ.gif", "price": "399", "unit_price": "$.29/ oz", "name": "General Mills Chex Cereal Honey Nut", "cnid": "56539610", "productId": "109165", "size": "13.8 oz box"},
{"thumb": "http://i4.peapod.com/c/KK/KKNHZ.gif", "price": "399", "unit_price": "$.31/ oz", "name": "General Mills Chex Cereal Rice", "cnid": "56539610", "productId": "1313", "size": "12.8 oz box"},
{"thumb": "http://i4.peapod.com/c/KK/KKNHZ.gif", "price": "399", "unit_price": "$.28/ oz", "name": "General Mills Chex Cereal Wheat", "cnid": "56539610", "productId": "1311", "size": "14 oz box"},
{"thumb": "http://i4.peapod.com/c/KK/KKNHZ.gif", "price": "459", "unit_price": "$.28/ oz", "name": "General Mills Cinnamon Toast Crunch Cereal", "cnid": "56539610", "productId": "17675", "size": "16.2 oz box"},
{"thumb": "http://i4.peapod.com/c/KK/KKNHZ.gif", "price": "499", "unit_price": "$.25/ oz", "name": "General Mills Cinnamon Toast Crunch Cereal", "cnid": "56539610", "productId": "128334", "size": "20.2 oz box"},
{"thumb": "http://i4.peapod.com/c/KK/KKNHZ.gif", "price": "379", "unit_price": "$.31/ oz", "name": "General Mills Cinnamon Toast Crunch Cereal", "cnid": "56539610", "productId": "1168", "size": "12.2 oz box"},
{"thumb": "http://i4.peapod.com/c/KK/KKNHZ.gif", "price": "369", "unit_price": "$.31/ oz", "name": "General Mills Cocoa Puffs Cereal", "cnid": "56539610", "productId": "1189", "size": "11.8 oz box"},
{"thumb": "http://i4.peapod.com/c/KK/KKNHZ.gif", "price": "459", "unit_price": "$.28/ oz", "name": "General Mills Cocoa Puffs Cereal", "cnid": "56539610", "productId": "26854", "size": "16.5 oz box"},
{"thumb": "http://i4.peapod.com/c/KK/KKNHZ.gif", "price": "419", "unit_price": "$.37/ oz", "name": "General Mills Cookie Crisp Cereal Chocolate Chip", "cnid": "56539610", "productId": "1315", "size": "11.2 oz box"},
{"thumb": "http://i4.peapod.com/c/KK/KKNHZ.gif", "price": "439", "unit_price": "$.27/ oz", "name": "General Mills Fiber One Cereal Bran", "cnid": "56539610", "productId": "19156", "size": "16.2 oz box"},
{"thumb": "http://i4.peapod.com/c/KK/KKNHZ.gif", "price": "439", "unit_price": "$.31/ oz", "name": "General Mills Fiber One Cereal Honey Clusters", "cnid": "56539610", "productId": "136579", "size": "14.2 oz box"},
{"thumb": "http://i4.peapod.com/c/KK/KKNHZ.gif", "price": "439", "unit_price": "$.25/ oz", "name": "General Mills Fiber One Cereal Raisin Bran Clusters", "cnid": "56539610", "productId": "145337", "size": "17.2 oz box"},
{"thumb": "http://i4.peapod.com/c/KK/KKNHZ.gif", "price": "449", "unit_price": "$.28/ oz", "name": "General Mills Golden Grahams Cereal", "cnid": "56539610", "productId": "1188", "size": "16 oz box"},
{"thumb": "http://i4.peapod.com/c/KK/KKNHZ.gif", "price": "439", "unit_price": "$.37/ oz", "name": "General Mills Kix Cereal", "cnid": "56539610", "productId": "24443", "size": "12 oz box"},
{"thumb": "http://i4.peapod.com/c/KK/KKNHZ.gif", "price": "499", "unit_price": "$.28/ oz", "name": "General Mills Kix Cereal", "cnid": "56539610", "productId": "51165", "size": "18 oz box"},
{"thumb": "http://i4.peapod.com/c/KK/KKNHZ.gif", "price": "549", "unit_price": "$.27/ oz", "name": "General Mills Lucky Charms Cereal", "cnid": "56539610", "productId": "128335", "size": "20.5 oz box"},
{"thumb": "http://i4.peapod.com/c/KK/KKNHZ.gif", "price": "399", "unit_price": "$.35/ oz", "name": "General Mills Lucky Charms Cereal", "cnid": "56539610", "productId": "1193", "size": "11.5 oz box"},
{"thumb": "http://i4.peapod.com/c/KK/KKNHZ.gif", "price": "449", "unit_price": "$.25/ oz", "name": "General Mills Oatmeal Crisp Cereal with Raisins", "cnid": "56539610", "productId": "67600", "size": "18 oz box"},
{"thumb": "http://i4.peapod.com/c/KK/KKNHZ.gif", "price": "369", "unit_price": "$.28/ oz", "name": "General Mills Reese's Cereal Peanut Butter Puffs", "cnid": "56539610", "productId": "38144", "size": "13 oz box"},
{"thumb": "http://i4.peapod.com/c/KK/KKNHZ.gif", "price": "449", "unit_price": "$.25/ oz", "name": "General Mills Total Cereal Raisin Bran", "cnid": "56539610", "productId": "67601", "size": "18.2 oz box"},
{"thumb": "http://i4.peapod.com/c/KK/KKNHZ.gif", "price": "419", "unit_price": "$.28/ oz", "name": "General Mills Trix Cereal", "cnid": "56539610", "productId": "1186", "size": "14.8 oz box"},
{"thumb": "http://i4.peapod.com/c/KK/KKNHZ.gif", "price": "499", "unit_price": "$.32/ oz", "name": "General Mills Wheaties Cereal", "cnid": "56539610", "productId": "1176", "size": "15.6 oz box"},
{"thumb": "http://i4.peapod.com/c/KK/KKNHZ.gif", "price": "100", "unit_price": "$.12/ oz", "name": "Guaranteed Value Cereal Puffed Wheat Golden Honey", "cnid": "56539610", "productId": "163253", "size": "8 oz box"},
{"thumb": "http://i4.peapod.com/c/KK/KKNHZ.gif", "price": "279", "unit_price": "$.17/ oz", "name": "Hodgson Mill Hot Cereal Oat Bran All Natural", "cnid": "56539610", "productId": "16063", "size": "16 oz box"},
{"thumb": "http://i4.peapod.com/c/KK/KKNHZ.gif", "price": "249", "unit_price": "$.14/ oz", "name": "Hodgson Mill Oats Steel Cut 100% Whole Grain Premium All Natural", "cnid": "56539610", "productId": "163575", "size": "18 oz box"},
{"thumb": "http://i4.peapod.com/c/KK/KKNHZ.gif", "price": "449", "unit_price": "$.22/ oz", "name": "Kashi 7 Whole Grain Cereal Nuggets", "cnid": "56539610", "productId": "146108", "size": "20 oz box"},
{"thumb": "http://i4.peapod.com/c/KK/KKNHZ.gif", "price": "339", "unit_price": "$.52/ oz", "name": "Kashi 7 Whole Grain Cereal Puffs", "cnid": "56539610", "productId": "1470", "size": "6.5 oz box"},
{"thumb": "http://i4.peapod.com/c/KK/KKNHZ.gif", "price": "399", "unit_price": "$.31/ oz", "name": "Kashi GOLEAN Cereal", "cnid": "56539610", "productId": "116306", "size": "13.1 oz box"},
{"thumb": "http://i4.peapod.com/c/KK/KKNHZ.gif", "price": "459", "unit_price": "$.33/ oz", "name": "Kashi GOLEAN Cereal Crisp! Toasted Berry Crumble", "cnid": "56539610", "productId": "158020", "size": "14 oz box"},
{"thumb": "http://i4.peapod.com/c/KK/KKNHZ.gif", "price": "629", "unit_price": "$.29/ oz", "name": "Kashi GOLEAN Cereal Crunch!", "cnid": "56539610", "productId": "156328", "size": "21.3 oz box"},
{"thumb": "http://i4.peapod.com/c/KK/KKNHZ.gif", "price": "399", "unit_price": "$.29/ oz", "name": "Kashi GOLEAN Cereal Crunch!", "cnid": "56539610", "productId": "124938", "size": "13.8 oz box"},
{"thumb": "http://i4.peapod.com/c/KK/KKNHZ.gif", "price": "459", "unit_price": "$.33/ oz", "name": "Kashi GOLEAN Cereal Crunch! Honey Almond Flax", "cnid": "56539610", "productId": "145014", "size": "14 oz box"},
{"thumb": "http://i4.peapod.com/c/KK/KKNHZ.gif", "price": "449", "unit_price": "$.40/ oz", "name": "Kashi GOLEAN Instant Hot Cereal w/Clusters Honey & Cinnamon Natural - 8 ct", "cnid": "56539610", "productId": "139830", "size": "11.2 oz box"},
{"thumb": "http://i4.peapod.com/c/KK/KKNHZ.gif", "price": "399", "unit_price": "$.33/ oz", "name": "Kashi Heart to Heart Cereal Honey Toasted Oat", "cnid": "56539610", "productId": "127141", "size": "12 oz box"},
{"thumb": "http://i4.peapod.com/c/KK/KKNHZ.gif", "price": "449", "unit_price": "$.34/ oz", "name": "Kashi Heart to Heart Cereal Oat Flakes & Blueberry Clusters", "cnid": "56539610", "productId": "145015", "size": "13.4 oz box"},
{"thumb": "http://i4.peapod.com/c/KK/KKNHZ.gif", "price": "399", "unit_price": "$.33/ oz", "name": "Kashi Heart to Heart Instant Oatmeal Golden Maple - 8 ct", "cnid": "56539610", "productId": "136516", "size": "12.1 oz box"},
{"thumb": "http://i4.peapod.com/c/KK/KKNHZ.gif", "price": "333", "unit_price": "$.32/ oz", "name": "Kashi Strawberry Fields Cereal Organic", "cnid": "56539610", "productId": "132376", "size": "10.3 oz box"},
{"thumb": "http://i4.peapod.com/c/KK/KKNHZ.gif", "price": "399", "unit_price": "$.38/ oz", "name": "Kashi Whole Grain Cereal Squares Honey Sunshine", "cnid": "56539610", "productId": "151169", "size": "10.5 oz box"},
{"thumb": "http://i4.peapod.com/c/KK/KKNHZ.gif", "price": "333", "unit_price": "$.20/ oz", "name": "Kashi Whole Wheat Biscuits Cereal Autumn Wheat Organic", "cnid": "56539610", "productId": "134140", "size": "16.3 oz box"},
{"thumb": "http://i4.peapod.com/c/KK/KKNHZ.gif", "price": "333", "unit_price": "$.20/ oz", "name": "Kashi Whole Wheat Biscuits Cereal Cinnamon Harvest Organic", "cnid": "56539610", "productId": "139832", "size": "16.3 oz box"},
{"thumb": "http://i4.peapod.com/c/KK/KKNHZ.gif", "price": "499", "unit_price": "$.28/ oz", "name": "Kellogg's All-Bran Cereal Bran Buds", "cnid": "56539610", "productId": "16071", "size": "17.7 oz box"},
{"thumb": "http://i4.peapod.com/c/KK/KKNHZ.gif", "price": "449", "unit_price": "$.25/ oz", "name": "Kellogg's All-Bran Cereal Original", "cnid": "56539610", "productId": "3884", "size": "18.3 oz box"},
{"thumb": "http://i4.peapod.com/c/KK/KKNHZ.gif", "price": "479", "unit_price": "$.28/ oz", "name": "Kellogg's Apple Jacks Cereal", "cnid": "56539610", "productId": "44712", "size": "17 oz box"},
{"thumb": "http://i4.peapod.com/c/KK/KKNHZ.gif", "price": "359", "unit_price": "$.41/ oz", "name": "Kellogg's Apple Jacks Cereal", "cnid": "56539610", "productId": "155257", "size": "8.7 oz box"},
{"thumb": "http://i4.peapod.com/c/KK/KKNHZ.gif", "price": "349", "unit_price": "$.29/ oz", "name": "Kellogg's Corn Flakes Cereal", "cnid": "56539610", "productId": "3871", "size": "12 oz box"},
{"thumb": "http://i4.peapod.com/c/KK/KKNHZ.gif", "price": "499", "unit_price": "$.21/ oz", "name": "Kellogg's Corn Flakes Cereal", "cnid": "56539610", "productId": "3873", "size": "24 oz box"},
{"thumb": "http://i4.peapod.com/c/KK/KKNHZ.gif", "price": "499", "unit_price": "$.29/ oz", "name": "Kellogg's Corn Pops Cereal", "cnid": "56539610", "productId": "92683", "size": "17.2 oz box"},
{"thumb": "http://i4.peapod.com/c/KK/KKNHZ.gif", "price": "399", "unit_price": "$.43/ oz", "name": "Kellogg's Corn Pops Cereal", "cnid": "56539610", "productId": "13071", "size": "9.2 oz box"},
{"thumb": "http://i4.peapod.com/c/KK/KKNHZ.gif", "price": "529", "unit_price": "$.31/ oz", "name": "Kellogg's Cracklin Oat Bran Cereal", "cnid": "56539610", "productId": "3904", "size": "17 oz box"},
{"thumb": "http://i4.peapod.com/c/KK/KKNHZ.gif", "price": "399", "unit_price": "$.33/ oz", "name": "Kellogg's Crispix Cereal", "cnid": "56539610", "productId": "3897", "size": "12 oz box"},
{"thumb": "http://i4.peapod.com/c/KK/KKNHZ.gif", "price": "399", "unit_price": "$.28/ oz", "name": "Kellogg's Crunchy Nut Cereal Golden Honey Nut Flakes", "cnid": "56539610", "productId": "161797", "size": "14.1 oz box"},
{"thumb": "http://i4.peapod.com/c/KK/KKNHZ.gif", "price": "399", "unit_price": "$.37/ oz", "name": "Kellogg's Crunchy Nut Cereal Roasted Nut & Honey O's", "cnid": "56539610", "productId": "161796", "size": "10.8 oz box"},
{"thumb": "http://i4.peapod.com/c/KK/KKNHZ.gif", "price": "399", "unit_price": "$.33/ oz", "name": "Kellogg's Froot Loops Cereal", "cnid": "56539610", "productId": "3892", "size": "12.2 oz box"},
{"thumb": "http://i4.peapod.com/c/KK/KKNHZ.gif", "price": "499", "unit_price": "$.29/ oz", "name": "Kellogg's Froot Loops Cereal", "cnid": "56539610", "productId": "44711", "size": "17 oz box"},
{"thumb": "http://i4.peapod.com/c/KK/KKNHZ.gif", "price": "379", "unit_price": "$.44/ oz", "name": "Kellogg's Froot Loops Cereal", "cnid": "56539610", "productId": "155254", "size": "8.7 oz box"},
{"thumb": "http://i4.peapod.com/c/KK/KKNHZ.gif", "price": "529", "unit_price": "$.28/ oz", "name": "Kellogg's Frosted Flakes Cereal", "cnid": "56539610", "productId": "3888", "size": "19 oz box"},
{"thumb": "http://i4.peapod.com/c/KK/KKNHZ.gif", "price": "399", "unit_price": "$.38/ oz", "name": "Kellogg's Frosted Flakes Cereal", "cnid": "56539610", "productId": "3886", "size": "10.5 oz box"},
{"thumb": "http://i4.peapod.com/c/KK/KKNHZ.gif", "price": "429", "unit_price": "$.28/ oz", "name": "Kellogg's Honey Smacks Cereal", "cnid": "56539610", "productId": "3883", "size": "15.3 oz box"},
{"thumb": "http://i4.peapod.com/c/KK/KKNHZ.gif", "price": "399", "unit_price": "$.35/ oz", "name": "Kellogg's Krave Cereal Multigrain Chocolate", "cnid": "56539610", "productId": "178267", "size": "11.4 oz box"},
{"thumb": "http://i4.peapod.com/c/KK/KKNHZ.gif", "price": "379", "unit_price": "$.33/ oz", "name": "Kellogg's Krave Cereal Multigrain Double Chocolate", "cnid": "56539610", "productId": "178268", "size": "11.4 oz box"},
{"thumb": "http://i4.peapod.com/c/KK/KKNHZ.gif", "price": "429", "unit_price": "$.24/ oz", "name": "Kellogg's Mini Wheats Cereal Frosted Bite Size", "cnid": "56539610", "productId": "3905", "size": "18 oz box"},
{"thumb": "http://i4.peapod.com/c/KK/KKNHZ.gif", "price": "469", "unit_price": "$.19/ oz", "name": "Kellogg's Mini Wheats Cereal Frosted Bite Size", "cnid": "56539610", "productId": "3906", "size": "24 oz box"},
{"thumb": "http://i4.peapod.com/c/KK/KKNHZ.gif", "price": "429", "unit_price": "$.28/ oz", "name": "Kellogg's Mini Wheats Cereal Frosted Chocolate Little Bites", "cnid": "56539610", "productId": "153260", "size": "15.2 oz box"},
{"thumb": "http://i4.peapod.com/c/KK/KKNHZ.gif", "price": "429", "unit_price": "$.28/ oz", "name": "Kellogg's Mini Wheats Cereal Frosted Maple & Brown Sugar", "cnid": "56539610", "productId": "138484", "size": "15.5 oz box"},
{"thumb": "http://i4.peapod.com/c/KK/KKNHZ.gif", "price": "399", "unit_price": "$.26/ oz", "name": "Kellogg's Mini Wheats Cereal Frosted Strawberry Delight", "cnid": "56539610", "productId": "139981", "size": "15.5 oz box"},
{"thumb": "http://i4.peapod.com/c/KK/KKNHZ.gif", "price": "429", "unit_price": "$.29/ oz", "name": "Kellogg's Mini Wheats Cereal Frosted Touch of Fruit in Middle Mixed Berry", "cnid": "56539610", "productId": "161795", "size": "15 oz box"},
{"thumb": "http://i4.peapod.com/c/KK/KKNHZ.gif", "price": "479", "unit_price": "$.40/ oz", "name": "Kellogg's Product 19 Cereal", "cnid": "56539610", "productId": "3893", "size": "12 oz box"},
{"thumb": "http://i4.peapod.com/c/KK/KKNHZ.gif", "price": "399", "unit_price": "$.21/ oz", "name": "Kellogg's Raisin Bran Cereal", "cnid": "56539610", "productId": "3879", "size": "18.7 oz box"},
{"thumb": "http://i4.peapod.com/c/KK/KKNHZ.gif", "price": "369", "unit_price": "$.27/ oz", "name": "Kellogg's Raisin Bran Cereal", "cnid": "56539610", "productId": "27303", "size": "13.7 oz box"},
{"thumb": "http://i4.peapod.com/c/KK/KKNHZ.gif", "price": "449", "unit_price": "$.19/ oz", "name": "Kellogg's Raisin Bran Cereal Value Size", "cnid": "56539610", "productId": "3880", "size": "23.5 oz box"},
{"thumb": "http://i4.peapod.com/c/KK/KKNHZ.gif", "price": "449", "unit_price": "$.25/ oz", "name": "Kellogg's Raisin Bran Crunch Cereal", "cnid": "56539610", "productId": "102852", "size": "18.2 oz box"},
{"thumb": "http://i4.peapod.com/c/KK/KKNHZ.gif", "price": "399", "unit_price": "$.44/ oz", "name": "Kellogg's Rice Krispies Cereal", "cnid": "56539610", "productId": "3875", "size": "9 oz box"},
{"thumb": "http://i4.peapod.com/c/KK/KKNHZ.gif", "price": "499", "unit_price": "$.28/ oz", "name": "Kellogg's Rice Krispies Cereal", "cnid": "56539610", "productId": "3877", "size": "18 oz box"},
{"thumb": "http://i4.peapod.com/c/KK/KKNHZ.gif", "price": "449", "unit_price": "$.37/ oz", "name": "Kellogg's Rice Krispies Cereal", "cnid": "56539610", "productId": "3876", "size": "12 oz box"},
{"thumb": "http://i4.peapod.com/c/KK/KKNHZ.gif", "price": "449", "unit_price": "$.29/ oz", "name": "Kellogg's Rice Krispies Cereal Cocoa", "cnid": "56539610", "productId": "3882", "size": "15.5 oz box"},
{"thumb": "http://i4.peapod.com/c/KK/KKNHZ.gif", "price": "449", "unit_price": "$.26/ oz", "name": "Kellogg's Smart Start Cereal with Antioxidants", "cnid": "56539610", "productId": "119411", "size": "17.5 oz box"},
{"thumb": "http://i4.peapod.com/c/KK/KKNHZ.gif", "price": "399", "unit_price": "$.33/ oz", "name": "Kellogg's Special K Cereal", "cnid": "56539610", "productId": "3889", "size": "12 oz box"},
{"thumb": "http://i4.peapod.com/c/KK/KKNHZ.gif", "price": "499", "unit_price": "$.28/ oz", "name": "Kellogg's Special K Cereal", "cnid": "56539610", "productId": "3890", "size": "18 oz box"},
{"thumb": "http://i4.peapod.com/c/KK/KKNHZ.gif", "price": "399", "unit_price": "$.35/ oz", "name": "Kellogg's Special K Cereal Blueberry", "cnid": "56539610", "productId": "153257", "size": "11.4 oz box"},
{"thumb": "http://i4.peapod.com/c/KK/KKNHZ.gif", "price": "399", "unit_price": "$.30/ oz", "name": "Kellogg's Special K Cereal Chocolatey Delight", "cnid": "56539610", "productId": "143929", "size": "13.4 oz box"},
{"thumb": "http://i4.peapod.com/c/KK/KKNHZ.gif", "price": "399", "unit_price": "$.32/ oz", "name": "Kellogg's Special K Cereal Cinnamon Pecan", "cnid": "56539610", "productId": "148134", "size": "12.5 oz box"},
{"thumb": "http://i4.peapod.com/c/KK/KKNHZ.gif", "price": "399", "unit_price": "$.30/ oz", "name": "Kellogg's Special K Cereal Low Carb Lifestyle Protein Plus", "cnid": "56539610", "productId": "135504", "size": "13.5 oz box"},
{"thumb": "http://i4.peapod.com/c/KK/KKNHZ.gif", "price": "499", "unit_price": "$.34/ oz", "name": "Kellogg's Special K Cereal Red Berries", "cnid": "56539610", "productId": "126395", "size": "14.7 oz box"},
{"thumb": "http://i4.peapod.com/c/KK/KKNHZ.gif", "price": "399", "unit_price": "$.32/ oz", "name": "Kellogg's Special K Cereal Vanilla Almond", "cnid": "56539610", "productId": "135503", "size": "12.4 oz box"},
{"thumb": "http://i4.peapod.com/c/KK/KKNHZ.gif", "price": "399", "unit_price": "$.31/ oz", "name": "Kellogg's Special K Cereal with Fruit 'N Yogurt", "cnid": "56539610", "productId": "141108", "size": "12.8 oz box"},
{"thumb": "http://i4.peapod.com/c/KK/KKNHZ.gif", "price": "399", "unit_price": "$.36/ oz", "name": "Kellogg's Special K Cereal with Red Berries", "cnid": "56539610", "productId": "123952", "size": "11.2 oz box"},
{"thumb": "http://i4.peapod.com/c/KK/KKNHZ.gif", "price": "499", "unit_price": "$.33/ oz", "name": "McCann's Instant Irish Oatmeal Maple & Brown Sugar - 10 ct", "cnid": "56539610", "productId": "146111", "size": "15.1 oz box"},
{"thumb": "http://i4.peapod.com/c/KK/KKNHZ.gif", "price": "979", "unit_price": "$.35/ oz", "name": "McCann's Irish Oatmeal Steel Cut", "cnid": "56539610", "productId": "64057", "size": "28 oz can"},
{"thumb": "http://i4.peapod.com/c/KK/KKNHZ.gif", "price": "499", "unit_price": "$.31/ oz", "name": "McCann's Quick Cooking Irish Oatmeal", "cnid": "56539610", "productId": "22645", "size": "16 oz box"},
{"thumb": "http://i4.peapod.com/c/KK/KKNHZ.gif", "price": "439", "unit_price": "$.16/ oz", "name": "Nabisco Cream of Wheat 1 Minute Cook Time", "cnid": "56539610", "productId": "652", "size": "28 oz box"},
{"thumb": "http://i4.peapod.com/c/KK/KKNHZ.gif", "price": "439", "unit_price": "$.16/ oz", "name": "Nabisco Cream of Wheat Quick", "cnid": "56539610", "productId": "651", "size": "28 oz box"},
{"thumb": "http://i4.peapod.com/c/KK/KKNHZ.gif", "price": "439", "unit_price": "$.37/ oz", "name": "Nabisco Instant Cream of Wheat Hot Cereal - 12 ct", "cnid": "56539610", "productId": "657", "size": "12 oz pkg"},
{"thumb": "http://i4.peapod.com/c/KK/KKNHZ.gif", "price": "439", "unit_price": "$.35/ oz", "name": "Nabisco Instant Cream of Wheat Hot Cereal Maple Brown Sugar - 10 ct", "cnid": "56539610", "productId": "154084", "size": "12.5 oz box"},
{"thumb": "http://i4.peapod.com/c/KK/KKNHZ.gif", "price": "439", "unit_price": "$.35/ oz", "name": "Nabisco Instant Cream of Wheat Whole Grain Hot Cereal Healthy Grain - 8 ct", "cnid": "56539610", "productId": "163227", "size": "12.7 oz box"},
{"thumb": "http://i4.peapod.com/c/KK/KKNHZ.gif", "price": "379", "unit_price": "$.36/ oz", "name": "Nature's Path EnviroKidz Cereal Panda Puffs Peanut Butter Organic", "cnid": "56539610", "productId": "146179", "size": "10.6 oz box"},
{"thumb": "http://i4.peapod.com/c/KK/KKNHZ.gif", "price": "300", "unit_price": "$.25/ oz", "name": "Nature's Promise Naturals Granola Banana Nut", "cnid": "56539610", "productId": "174922", "size": "12 oz pkg"},
{"thumb": "http://i4.peapod.com/c/KK/KKNHZ.gif", "price": "329", "unit_price": "$.33/ oz", "name": "Nature's Promise Organics Instant Oatmeal Apple Cinnamon - 8 ct", "cnid": "56539610", "productId": "157905", "size": "10 oz box"},
{"thumb": "http://i4.peapod.com/c/KK/KKNHZ.gif", "price": "329", "unit_price": "$.27/ oz", "name": "Nature's Promise Organics Instant Oatmeal Maple - 8 ct", "cnid": "56539610", "productId": "158031", "size": "12 oz box"},
{"thumb": "http://i4.peapod.com/c/KK/KKNHZ.gif", "price": "249", "unit_price": "$.14/ oz", "name": "Nature's Promise Organics Quick Oats Rolled", "cnid": "56539610", "productId": "157907", "size": "18 oz ctn"},
{"thumb": "http://i4.peapod.com/c/KK/KKNHZ.gif", "price": "399", "unit_price": "$.31/ oz", "name": "Newman's Own Cereal Sweet Enough Vanilla Almond", "cnid": "56539610", "productId": "157956", "size": "13 oz box"},
{"thumb": "http://i4.peapod.com/c/KK/KKNHZ.gif", "price": "319", "unit_price": "$.17/ oz", "name": "Old Wessex Ltd. Hot Cereal 5 Grain Whole Grain All Natural", "cnid": "56539610", "productId": "154905", "size": "18.5 oz can"},
{"thumb": "http://i4.peapod.com/c/KK/KKNHZ.gif", "price": "269", "unit_price": "$.14/ oz", "name": "Old Wessex Ltd. Oatmeal Irish Style Whole Grain All Natural", "cnid": "56539610", "productId": "120386", "size": "18.5 oz can"},
{"thumb": "http://i4.peapod.com/c/KK/KKNHZ.gif", "price": "399", "unit_price": "$.27/ oz", "name": "Post Cereal Shredded Wheat Original", "cnid": "56539610", "productId": "638", "size": "15 oz box"},
{"thumb": "http://i4.peapod.com/c/KK/KKNHZ.gif", "price": "399", "unit_price": "$.24/ oz", "name": "Post Cereal Shredded Wheat Original Spoon Size", "cnid": "56539610", "productId": "640", "size": "16.4 oz box"},
{"thumb": "http://i4.peapod.com/c/KK/KKNHZ.gif", "price": "399", "unit_price": "$.22/ oz", "name": "Post Cereal Shredded Wheat Wheat 'n Bran Spoon Size 100% Natural", "cnid": "56539610", "productId": "654", "size": "18 oz box"},
{"thumb": "http://i4.peapod.com/c/KK/KKNHZ.gif", "price": "349", "unit_price": "$.32/ oz", "name": "Post Cocoa Pebbles Cereal", "cnid": "56539610", "productId": "5939", "size": "11 oz box"},
{"thumb": "http://i4.peapod.com/c/KK/KKNHZ.gif", "price": "350", "unit_price": "$.23/ oz", "name": "Post Fruity Pebbles Cereal", "cnid": "56539610", "productId": "14460", "size": "15 oz box"},
{"thumb": "http://i4.peapod.com/c/KK/KKNHZ.gif", "price": "429", "unit_price": "$.18/ oz", "name": "Post Grape-Nuts Cereal 100% Natural", "cnid": "56539610", "productId": "5929", "size": "24 oz box"},
{"thumb": "http://i4.peapod.com/c/KK/KKNHZ.gif", "price": "350", "unit_price": "$.19/ oz", "name": "Post Honey Bunches of Oats Cereal Honey Roasted", "cnid": "56539610", "productId": "137238", "size": "18 oz box"},
{"thumb": "http://i4.peapod.com/c/KK/KKNHZ.gif", "price": "429", "unit_price": "$.30/ oz", "name": "Post Honey Bunches of Oats Cereal Honey Roasted", "cnid": "56539610", "productId": "14124", "size": "14.5 oz box"},
{"thumb": "http://i4.peapod.com/c/KK/KKNHZ.gif", "price": "429", "unit_price": "$.30/ oz", "name": "Post Honey Bunches of Oats Cereal with Almonds", "cnid": "56539610", "productId": "5932", "size": "14.5 oz box"},
{"thumb": "http://i4.peapod.com/c/KK/KKNHZ.gif", "price": "350", "unit_price": "$.19/ oz", "name": "Post Honey Bunches of Oats Cereal with Almonds", "cnid": "56539610", "productId": "137237", "size": "18 oz box"},
{"thumb": "http://i4.peapod.com/c/KK/KKNHZ.gif", "price": "429", "unit_price": "$.30/ oz", "name": "Post Honey Bunches of Oats Cereal with Cinnamon Bunches", "cnid": "56539610", "productId": "147170", "size": "14.5 oz box"},
{"thumb": "http://i4.peapod.com/c/KK/KKNHZ.gif", "price": "359", "unit_price": "$.29/ oz", "name": "Post Honeycomb Cereal", "cnid": "56539610", "productId": "5931", "size": "12.5 oz box"},
{"thumb": "http://i4.peapod.com/c/KK/KKNHZ.gif", "price": "350", "unit_price": "$.14/ oz", "name": "Post Raisin Bran Cereal", "cnid": "56539610", "productId": "22882", "size": "25 oz box"},
{"thumb": "http://i4.peapod.com/c/KK/KKNHZ.gif", "price": "399", "unit_price": "$.26/ oz", "name": "Post Selects Cereal Banana Nut Crunch", "cnid": "56539610", "productId": "18609", "size": "15.5 oz box"},
{"thumb": "http://i4.peapod.com/c/KK/KKNHZ.gif", "price": "399", "unit_price": "$.28/ oz", "name": "Post Selects Cereal Cranberry Almond Crunch", "cnid": "56539610", "productId": "50875", "size": "14 oz box"},
{"thumb": "http://i4.peapod.com/c/KK/KKNHZ.gif", "price": "399", "unit_price": "$.25/ oz", "name": "Post Selects Great Grains Cereal Crunchy Pecan", "cnid": "56539610", "productId": "33172", "size": "16 oz box"},
{"thumb": "http://i4.peapod.com/c/KK/KKNHZ.gif", "price": "399", "unit_price": "$.25/ oz", "name": "Post Selects Great Grains Cereal Raisins, Dates & Pecans", "cnid": "56539610", "productId": "33210", "size": "16 oz box"},
{"thumb": "http://i4.peapod.com/c/KK/KKNHZ.gif", "price": "300", "unit_price": "$.21/ oz", "name": "Quaker Cap'n Crunch Cereal", "cnid": "56539610", "productId": "2883", "size": "14 oz box"},
{"thumb": "http://i4.peapod.com/c/KK/KKNHZ.gif", "price": "300", "unit_price": "$.24/ oz", "name": "Quaker Cap'n Crunch Cereal Peanut Butter", "cnid": "56539610", "productId": "2881", "size": "12.5 oz box"},
{"thumb": "http://i4.peapod.com/c/KK/KKNHZ.gif", "price": "479", "unit_price": "$.33/ oz", "name": "Quaker Essentials Toasted Oatmeal Squares Cereal", "cnid": "56539610", "productId": "2880", "size": "14.5 oz box"},
{"thumb": "http://i4.peapod.com/c/KK/KKNHZ.gif", "price": "579", "unit_price": "$.21/ oz", "name": "Quaker Granola with Oats, Honey & Raisins 100% Natural", "cnid": "56539610", "productId": "2884", "size": "28 oz box"},
{"thumb": "http://i4.peapod.com/c/KK/KKNHZ.gif", "price": "299", "unit_price": "$.25/ oz", "name": "Quaker Instant Grits Original - 12 ct", "cnid": "56539610", "productId": "2851", "size": "12 oz box"},
{"thumb": "http://i4.peapod.com/c/KK/KKNHZ.gif", "price": "250", "unit_price": "$.17/ oz", "name": "Quaker Instant Oatmeal Apple & Cinnamon - 10 ct", "cnid": "56539610", "productId": "2824", "size": "15.1 oz box"},
{"thumb": "http://i4.peapod.com/c/KK/KKNHZ.gif", "price": "250", "unit_price": "$.20/ oz", "name": "Quaker Instant Oatmeal Crunch High Fiber Maple Brown Sugar - 8 ct", "cnid": "56539610", "productId": "154082", "size": "12.6 oz box"},
{"thumb": "http://i4.peapod.com/c/KK/KKNHZ.gif", "price": "250", "unit_price": "$.18/ oz", "name": "Quaker Instant Oatmeal Dinosaur Eggs Maple N Brown Sugar - 8 ct", "cnid": "56539610", "productId": "99847", "size": "14.1 oz box"},
{"thumb": "http://i4.peapod.com/c/KK/KKNHZ.gif", "price": "250", "unit_price": "$.20/ oz", "name": "Quaker Instant Oatmeal Fruit & Cream Variety - 10 ct", "cnid": "56539610", "productId": "2828", "size": "12.3 oz box"},
{"thumb": "http://i4.peapod.com/c/KK/KKNHZ.gif", "price": "250", "unit_price": "$.17/ oz", "name": "Quaker Instant Oatmeal Maple & Brown Sugar - 10 ct", "cnid": "56539610", "productId": "2819", "size": "15.1 oz pkg"},
{"thumb": "http://i4.peapod.com/c/KK/KKNHZ.gif", "price": "250", "unit_price": "$.21/ oz", "name": "Quaker Instant Oatmeal Maple & Brown Sugar Lower Sugar - 10 ct", "cnid": "56539610", "productId": "137284", "size": "11.9 oz box"},
{"thumb": "http://i4.peapod.com/c/KK/KKNHZ.gif", "price": "250", "unit_price": "$.22/ oz", "name": "Quaker Instant Oatmeal Maple & Brown Sugar Weight Control - 8 ct", "cnid": "56539610", "productId": "147169", "size": "11.5 oz box"},
{"thumb": "http://i4.peapod.com/c/KK/KKNHZ.gif", "price": "250", "unit_price": "$.19/ oz", "name": "Quaker Instant Oatmeal Raisin, Date & Walnut - 10 ct", "cnid": "56539610", "productId": "13072", "size": "13 oz pkg"},
{"thumb": "http://i4.peapod.com/c/KK/KKNHZ.gif", "price": "250", "unit_price": "$.17/ oz", "name": "Quaker Instant Oatmeal Raisins & Spice - 10 ct", "cnid": "56539610", "productId": "26988", "size": "15.1 oz box"},
{"thumb": "http://i4.peapod.com/c/KK/KKNHZ.gif", "price": "250", "unit_price": "$.21/ oz", "name": "Quaker Instant Oatmeal Regular - 12 ct", "cnid": "56539610", "productId": "2821", "size": "11.8 oz pkg"},
{"thumb": "http://i4.peapod.com/c/KK/KKNHZ.gif", "price": "250", "unit_price": "$.20/ oz", "name": "Quaker Instant Oatmeal Variety Pack Weight Control - 8 ct", "cnid": "56539610", "productId": "154083", "size": "12.6 oz box"},
{"thumb": "http://i4.peapod.com/c/KK/KKNHZ.gif", "price": "479", "unit_price": "$.27/ oz", "name": "Quaker Life Cereal Original Multigrain", "cnid": "56539610", "productId": "2876", "size": "18 oz box"},
{"thumb": "http://i4.peapod.com/c/KK/KKNHZ.gif", "price": "250", "unit_price": "$.14/ oz", "name": "Quaker Oats Rolled Old Fashioned", "cnid": "56539610", "productId": "2816", "size": "18 oz can"},
{"thumb": "http://i4.peapod.com/c/KK/KKNHZ.gif", "price": "499", "unit_price": "$.12/ oz", "name": "Quaker Oats Rolled Old Fashioned", "cnid": "56539610", "productId": "2817", "size": "42 oz can"},
{"thumb": "http://i4.peapod.com/c/KK/KKNHZ.gif", "price": "499", "unit_price": "$.21/ oz", "name": "Quaker Oats Steel Cut", "cnid": "56539610", "productId": "146170", "size": "24 oz can"},
{"thumb": "http://i4.peapod.com/c/KK/KKNHZ.gif", "price": "499", "unit_price": "$.12/ oz", "name": "Quaker Quick 1-Minute Oats Rolled", "cnid": "56539610", "productId": "2820", "size": "42 oz can"},
{"thumb": "http://i4.peapod.com/c/KK/KKNHZ.gif", "price": "250", "unit_price": "$.14/ oz", "name": "Quaker Quick 1-Minute Oats Rolled", "cnid": "56539610", "productId": "2818", "size": "18 oz can"},
{"thumb": "http://i4.peapod.com/c/KK/KKNHZ.gif", "price": "249", "unit_price": "$.10/ oz", "name": "Quaker Quick Grits", "cnid": "56539610", "productId": "2842", "size": "24 oz can"},
{"thumb": "http://i4.peapod.com/c/KK/KKNHZ.gif", "price": "150", "unit_price": "$.58/ oz", "name": "Quaker Real Medleys Oatmeal + Cherry Pistachio", "cnid": "56539610", "productId": "177962", "size": "2.57 oz cup"},
{"thumb": "http://i4.peapod.com/c/KK/KKNHZ.gif", "price": "299", "unit_price": "$.25/ oz", "name": "Stop & Shop Be Well Cereal Berry", "cnid": "56539610", "productId": "183628", "size": "12 oz box"},
{"thumb": "http://i4.peapod.com/c/KK/KKNHZ.gif", "price": "299", "unit_price": "$.17/ oz", "name": "Stop & Shop Cereal Bran Flakes", "cnid": "56539610", "productId": "57797", "size": "17.3 oz box"},
{"thumb": "http://i4.peapod.com/c/KK/KKNHZ.gif", "price": "250", "unit_price": "$.21/ oz", "name": "Stop & Shop Cereal Crispy Rice", "cnid": "56539610", "productId": "158637", "size": "12 oz box"},
{"thumb": "http://i4.peapod.com/c/KK/KKNHZ.gif", "price": "169", "unit_price": "$.28/ oz", "name": "Stop & Shop Cereal Puffed Rice", "cnid": "56539610", "productId": "174917", "size": "6 oz box"},
{"thumb": "http://i4.peapod.com/c/KK/KKNHZ.gif", "price": "169", "unit_price": "$.28/ oz", "name": "Stop & Shop Cereal Puffed Wheat", "cnid": "56539610", "productId": "161966", "size": "6 oz box"},
{"thumb": "http://i4.peapod.com/c/KK/KKNHZ.gif", "price": "299", "unit_price": "$.15/ oz", "name": "Stop & Shop Cereal Raisin Bran", "cnid": "56539610", "productId": "158001", "size": "20 oz box"},
{"thumb": "http://i4.peapod.com/c/KK/KKNHZ.gif", "price": "299", "unit_price": "$.18/ oz", "name": "Stop & Shop Cereal Shredded Wheat Bite Size 100% Natural", "cnid": "56539610", "productId": "161954", "size": "16.4 oz box"},
{"thumb": "http://i4.peapod.com/c/KK/KKNHZ.gif", "price": "299", "unit_price": "$.17/ oz", "name": "Stop & Shop Cereal Shredded Wheat Frosted Bite Size", "cnid": "56539610", "productId": "128390", "size": "18 oz box"},
{"thumb": "http://i4.peapod.com/c/KK/KKNHZ.gif", "price": "339", "unit_price": "$.21/ oz", "name": "Stop & Shop Fiber Select Cereal Bran", "cnid": "56539610", "productId": "158291", "size": "16 oz box"},
{"thumb": "http://i4.peapod.com/c/KK/KKNHZ.gif", "price": "299", "unit_price": "$.19/ oz", "name": "Stop & Shop Granola Oats, Honey & Raisins", "cnid": "56539610", "productId": "57810", "size": "16 oz box"},
{"thumb": "http://i4.peapod.com/c/KK/KKNHZ.gif", "price": "299", "unit_price": "$.19/ oz", "name": "Stop & Shop Granola Oats & Honey", "cnid": "56539610", "productId": "57811", "size": "16 oz box"},
{"thumb": "http://i4.peapod.com/c/KK/KKNHZ.gif", "price": "359", "unit_price": "$.29/ oz", "name": "Stop & Shop Instant Cream Farina Maple Brown Sugar - 10 ct", "cnid": "56539610", "productId": "155702", "size": "12.3 oz box"},
{"thumb": "http://i4.peapod.com/c/KK/KKNHZ.gif", "price": "359", "unit_price": "$.30/ oz", "name": "Stop & Shop Instant Cream Farina Original Flavor - 12 ct", "cnid": "56539610", "productId": "155701", "size": "11.8 oz box"},
{"thumb": "http://i4.peapod.com/c/KK/KKNHZ.gif", "price": "299", "unit_price": "$.24/ oz", "name": "Stop & Shop Instant Oatmeal Apple Cinnamon - 10 ct", "cnid": "56539610", "productId": "57641", "size": "12.3 oz box"},
{"thumb": "http://i4.peapod.com/c/KK/KKNHZ.gif", "price": "299", "unit_price": "$.24/ oz", "name": "Stop & Shop Instant Oatmeal Fruit & Cream Variety Pack - 10 ct", "cnid": "56539610", "productId": "79158", "size": "12.3 oz box"},
{"thumb": "http://i4.peapod.com/c/KK/KKNHZ.gif", "price": "299", "unit_price": "$.20/ oz", "name": "Stop & Shop Instant Oatmeal Honey Nut - 10 ct", "cnid": "56539610", "productId": "158640", "size": "15.1 oz box"},
{"thumb": "http://i4.peapod.com/c/KK/KKNHZ.gif", "price": "299", "unit_price": "$.20/ oz", "name": "Stop & Shop Instant Oatmeal Maple Brown Sugar - 10 ct", "cnid": "56539610", "productId": "57812", "size": "15.1 oz box"},
{"thumb": "http://i4.peapod.com/c/KK/KKNHZ.gif", "price": "299", "unit_price": "$.25/ oz", "name": "Stop & Shop Instant Oatmeal Original Flavor - 12 ct", "cnid": "56539610", "productId": "57814", "size": "11.8 oz box"},
{"thumb": "http://i4.peapod.com/c/KK/KKNHZ.gif", "price": "299", "unit_price": "$.23/ oz", "name": "Stop & Shop Instant Oatmeal Raisin, Date & Walnut - 10 ct", "cnid": "56539610", "productId": "158638", "size": "13 oz box"},
{"thumb": "http://i4.peapod.com/c/KK/KKNHZ.gif", "price": "299", "unit_price": "$.20/ oz", "name": "Stop & Shop Instant Oatmeal Raisin Spice - 10 ct", "cnid": "56539610", "productId": "158639", "size": "15.1 oz box"},
{"thumb": "http://i4.peapod.com/c/KK/KKNHZ.gif", "price": "299", "unit_price": "$.24/ oz", "name": "Stop & Shop Oats & O's Cereal Honey Nut", "cnid": "56539610", "productId": "57805", "size": "12.5 oz box"},
{"thumb": "http://i4.peapod.com/c/KK/KKNHZ.gif", "price": "299", "unit_price": "$.21/ oz", "name": "Stop & Shop Oats & O's Cereal Toasted Whole Grain Oat", "cnid": "56539610", "productId": "63052", "size": "14 oz box"},
{"thumb": "http://i4.peapod.com/c/KK/KKNHZ.gif", "price": "399", "unit_price": "$.09/ oz", "name": "Stop & Shop Oats Rolled Old Fashioned", "cnid": "56539610", "productId": "118806", "size": "42 oz pkg"},
{"thumb": "http://i4.peapod.com/c/KK/KKNHZ.gif", "price": "399", "unit_price": "$.09/ oz", "name": "Stop & Shop Quick Oats Microwaveable 100% Natural", "cnid": "56539610", "productId": "57815", "size": "42 oz can"},
{"thumb": "http://i4.peapod.com/c/KK/KKNHZ.gif", "price": "279", "unit_price": "$.15/ oz", "name": "Stop & Shop Raisin Bran Cereal Crunchy Granola", "cnid": "56539610", "productId": "190229", "size": "18.2 oz box"},
{"thumb": "http://i4.peapod.com/c/KK/KKNHZ.gif", "price": "569", "unit_price": "$.41/ oz", "name": "Alpen Muesli Cereal No Sugar Added All Natural", "cnid": "270820202026202054512", "productId": "36405", "size": "14 oz box"},
{"thumb": "http://i4.peapod.com/c/KK/KKNHZ.gif", "price": "299", "unit_price": "$.30/ oz", "name": "Barbara's Puffins Cereal Cinnamon All Natural", "cnid": "270820202026202054512", "productId": "129616", "size": "10 oz box"},
{"thumb": "http://i4.peapod.com/c/KK/KKNHZ.gif", "price": "299", "unit_price": "$.30/ oz", "name": "Barbara's Puffins Cereal Original All Natural", "cnid": "270820202026202054512", "productId": "77031", "size": "10 oz box"},
{"thumb": "http://i4.peapod.com/c/KK/KKNHZ.gif", "price": "299", "unit_price": "$.27/ oz", "name": "Barbara's Puffins Cereal Peanut Butter All Natural", "cnid": "270820202026202054512", "productId": "145018", "size": "11 oz box"},
{"thumb": "http://i4.peapod.com/c/KK/KKNHZ.gif", "price": "399", "unit_price": "$.33/ oz", "name": "Bear Naked Fit Granola Triple Berry Crunch 100% Natural", "cnid": "270820202026202054512", "productId": "139996", "size": "12 oz bag"},
{"thumb": "http://i4.peapod.com/c/KK/KKNHZ.gif", "price": "399", "unit_price": "$.33/ oz", "name": "Bear Naked Fit Granola Vanilla Almond Crunch 100% Natural", "cnid": "270820202026202054512", "productId": "139997", "size": "12 oz bag"},
{"thumb": "http://i4.peapod.com/c/KK/KKNHZ.gif", "price": "399", "unit_price": "$.33/ oz", "name": "Bear Naked Granola Fruit & Nut 100% Natural", "cnid": "270820202026202054512", "productId": "138756", "size": "12 oz bag"},
{"thumb": "http://i4.peapod.com/c/KK/KKNHZ.gif", "price": "449", "unit_price": "$.43/ oz", "name": "Cascadian Farm Cereal Honey Nut O's Whole Grain with Almonds Organic", "cnid": "270820202026202054512", "productId": "131412", "size": "10.4 oz box"},
{"thumb": "http://i4.peapod.com/c/KK/KKNHZ.gif", "price": "449", "unit_price": "$.50/ oz", "name": "Cascadian Farm Cereal Purely O's Organic", "cnid": "270820202026202054512", "productId": "156313", "size": "9 oz box"},
{"thumb": "http://i4.peapod.com/c/KK/KKNHZ.gif", "price": "399", "unit_price": "$.28/ oz", "name": "Cascadian Farm Cereal Raisin Bran Organic", "cnid": "270820202026202054512", "productId": "161509", "size": "14 oz box"},
{"thumb": "http://i4.peapod.com/c/KK/KKNHZ.gif", "price": "449", "unit_price": "$.34/ oz", "name": "Cascadian Farm Cereal Squares Multigrain Organic", "cnid": "270820202026202054512", "productId": "131411", "size": "13 oz box"},
{"thumb": "http://i4.peapod.com/c/KK/KKNHZ.gif", "price": "449", "unit_price": "$.26/ oz", "name": "Cascadian Farm Granola Oats & Honey Organic", "cnid": "270820202026202054512", "productId": "132375", "size": "17 oz box"},
{"thumb": "http://i4.peapod.com/c/KK/KKNHZ.gif", "price": "449", "unit_price": "$.44/ oz", "name": "Cascadian Farm Kids Cereal Cinnamon Crunch Organic", "cnid": "270820202026202054512", "productId": "156312", "size": "10.3 oz box"},
{"thumb": "http://i4.peapod.com/c/KK/KKNHZ.gif", "price": "439", "unit_price": "$.40/ oz", "name": "Cascadian Farm Kids Cereal Fruitful O's Organic", "cnid": "270820202026202054512", "productId": "162016", "size": "11 oz box"},
{"thumb": "http://i4.peapod.com/c/KK/KKNHZ.gif", "price": "449", "unit_price": "$.28/ oz", "name": "General Mills Basic Four Cereal", "cnid": "270820202026202054512", "productId": "1164", "size": "16 oz box"},
{"thumb": "http://i4.peapod.com/c/KK/KKNHZ.gif", "price": "459", "unit_price": "$.27/ oz", "name": "General Mills Cereal Raisin Nut Bran", "cnid": "270820202026202054512", "productId": "1174", "size": "17.1 oz box"},
{"thumb": "http://i4.peapod.com/c/KK/KKNHZ.gif", "price": "100", "unit_price": "$.77/ oz", "name": "General Mills Cheerios Cereal", "cnid": "270820202026202054512", "productId": "158515", "size": "1.3 oz box"},
{"thumb": "http://i4.peapod.com/c/KK/KKNHZ.gif", "price": "459", "unit_price": "$.25/ oz", "name": "General Mills Cheerios Cereal", "cnid": "270820202026202054512", "productId": "1181", "size": "18 oz box"},
{"thumb": "http://i4.peapod.com/c/KK/KKNHZ.gif", "price": "399", "unit_price": "$.28/ oz", "name": "General Mills Cheerios Cereal", "cnid": "270820202026202054512", "productId": "1180", "size": "14 oz box"},
{"thumb": "http://i4.peapod.com/c/KK/KKNHZ.gif", "price": "379", "unit_price": "$.29/ oz", "name": "General Mills Cheerios Cereal Apple Cinnamon", "cnid": "270820202026202054512", "productId": "1158", "size": "12.9 oz box"},
{"thumb": "http://i4.peapod.com/c/KK/KKNHZ.gif", "price": "425", "unit_price": "$.24/ oz", "name": "General Mills Cheerios Cereal Apple Cinnamon", "cnid": "270820202026202054512", "productId": "1159", "size": "18 oz box"},
{"thumb": "http://i4.peapod.com/c/KK/KKNHZ.gif", "price": "279", "unit_price": "$.26/ oz", "name": "General Mills Cheerios Cereal Banana Nut", "cnid": "270820202026202054512", "productId": "153955", "size": "10.9 oz box"},
{"thumb": "http://i4.peapod.com/c/KK/KKNHZ.gif", "price": "379", "unit_price": "$.34/ oz", "name": "General Mills Cheerios Cereal Chocolate", "cnid": "270820202026202054512", "productId": "158012", "size": "11.2 oz box"},
{"thumb": "http://i4.peapod.com/c/KK/KKNHZ.gif", "price": "279", "unit_price": "$.23/ oz", "name": "General Mills Cheerios Cereal Fruity", "cnid": "270820202026202054512", "productId": "141907", "size": "12 oz box"},
{"thumb": "http://i4.peapod.com/c/KK/KKNHZ.gif", "price": "100", "unit_price": "$.56/ oz", "name": "General Mills Cheerios Cereal Honey Nut", "cnid": "270820202026202054512", "productId": "158517", "size": "1.8 oz cup"},
{"thumb": "http://i4.peapod.com/c/KK/KKNHZ.gif", "price": "499", "unit_price": "$.29/ oz", "name": "General Mills Cheerios Cereal Honey Nut", "cnid": "270820202026202054512", "productId": "1182", "size": "17 oz box"},
{"thumb": "http://i4.peapod.com/c/KK/KKNHZ.gif", "price": "499", "unit_price": "$.31/ oz", "name": "General Mills Cheerios Cereal Multigrain", "cnid": "270820202026202054512", "productId": "154917", "size": "16.2 oz box"},
{"thumb": "http://i4.peapod.com/c/KK/KKNHZ.gif", "price": "399", "unit_price": "$.31/ oz", "name": "General Mills Cheerios Cereal Multigrain", "cnid": "270820202026202054512", "productId": "13426", "size": "12.8 oz box"},
{"thumb": "http://i4.peapod.com/c/KK/KKNHZ.gif", "price": "379", "unit_price": "$.34/ oz", "name": "General Mills Cheerios Cereal Multigrain Peanut Butter", "cnid": "270820202026202054512", "productId": "175127", "size": "11.3 oz box"},
{"thumb": "http://i4.peapod.com/c/KK/KKNHZ.gif", "price": "399", "unit_price": "$.29/ oz", "name": "General Mills Chex Cereal Apple Cinnamon Gluten Free", "cnid": "270820202026202054512", "productId": "186909", "size": "13.7 oz box"},
{"thumb": "http://i4.peapod.com/c/KK/KKNHZ.gif", "price": "399", "unit_price": "$.30/ oz", "name": "General Mills Chex Cereal Cinnamon", "cnid": "270820202026202054512", "productId": "158535", "size": "13.5 oz box"},
{"thumb": "http://i4.peapod.com/c/KK/KKNHZ.gif", "price": "399", "unit_price": "$.28/ oz", "name": "General Mills Chex Cereal Corn", "cnid": "270820202026202054512", "productId": "1317", "size": "14 oz box"},
{"thumb": "http://i4.peapod.com/c/KK/KKNHZ.gif", "price": "399", "unit_price": "$.29/ oz", "name": "General Mills Chex Cereal Honey Nut", "cnid": "270820202026202054512", "productId": "109165", "size": "13.8 oz box"},
{"thumb": "http://i4.peapod.com/c/KK/KKNHZ.gif", "price": "399", "unit_price": "$.31/ oz", "name": "General Mills Chex Cereal Rice", "cnid": "270820202026202054512", "productId": "1313", "size": "12.8 oz box"},
{"thumb": "http://i4.peapod.com/c/KK/KKNHZ.gif", "price": "399", "unit_price": "$.28/ oz", "name": "General Mills Chex Cereal Wheat", "cnid": "270820202026202054512", "productId": "1311", "size": "14 oz box"},
{"thumb": "http://i4.peapod.com/c/KK/KKNHZ.gif", "price": "459", "unit_price": "$.28/ oz", "name": "General Mills Cinnamon Toast Crunch Cereal", "cnid": "270820202026202054512", "productId": "17675", "size": "16.2 oz box"},
{"thumb": "http://i4.peapod.com/c/KK/KKNHZ.gif", "price": "499", "unit_price": "$.25/ oz", "name": "General Mills Cinnamon Toast Crunch Cereal", "cnid": "270820202026202054512", "productId": "128334", "size": "20.2 oz box"},
{"thumb": "http://i4.peapod.com/c/KK/KKNHZ.gif", "price": "379", "unit_price": "$.31/ oz", "name": "General Mills Cinnamon Toast Crunch Cereal", "cnid": "270820202026202054512", "productId": "1168", "size": "12.2 oz box"},
{"thumb": "http://i4.peapod.com/c/KK/KKNHZ.gif", "price": "369", "unit_price": "$.31/ oz", "name": "General Mills Cocoa Puffs Cereal", "cnid": "270820202026202054512", "productId": "1189", "size": "11.8 oz box"},
{"thumb": "http://i4.peapod.com/c/KK/KKNHZ.gif", "price": "459", "unit_price": "$.28/ oz", "name": "General Mills Cocoa Puffs Cereal", "cnid": "270820202026202054512", "productId": "26854", "size": "16.5 oz box"},
{"thumb": "http://i4.peapod.com/c/KK/KKNHZ.gif", "price": "419", "unit_price": "$.37/ oz", "name": "General Mills Cookie Crisp Cereal Chocolate Chip", "cnid": "270820202026202054512", "productId": "1315", "size": "11.2 oz box"},
{"thumb": "http://i4.peapod.com/c/KK/KKNHZ.gif", "price": "439", "unit_price": "$.27/ oz", "name": "General Mills Fiber One Cereal Bran", "cnid": "270820202026202054512", "productId": "19156", "size": "16.2 oz box"},
{"thumb": "http://i4.peapod.com/c/KK/KKNHZ.gif", "price": "439", "unit_price": "$.31/ oz", "name": "General Mills Fiber One Cereal Honey Clusters", "cnid": "270820202026202054512", "productId": "136579", "size": "14.2 oz box"},
{"thumb": "http://i4.peapod.com/c/KK/KKNHZ.gif", "price": "439", "unit_price": "$.25/ oz", "name": "General Mills Fiber One Cereal Raisin Bran Clusters", "cnid": "270820202026202054512", "productId": "145337", "size": "17.2 oz box"},
{"thumb": "http://i4.peapod.com/c/KK/KKNHZ.gif", "price": "449", "unit_price": "$.28/ oz", "name": "General Mills Golden Grahams Cereal", "cnid": "270820202026202054512", "productId": "1188", "size": "16 oz box"},
{"thumb": "http://i4.peapod.com/c/KK/KKNHZ.gif", "price": "439", "unit_price": "$.37/ oz", "name": "General Mills Kix Cereal", "cnid": "270820202026202054512", "productId": "24443", "size": "12 oz box"},
{"thumb": "http://i4.peapod.com/c/KK/KKNHZ.gif", "price": "499", "unit_price": "$.28/ oz", "name": "General Mills Kix Cereal", "cnid": "270820202026202054512", "productId": "51165", "size": "18 oz box"},
{"thumb": "http://i4.peapod.com/c/KK/KKNHZ.gif", "price": "549", "unit_price": "$.27/ oz", "name": "General Mills Lucky Charms Cereal", "cnid": "270820202026202054512", "productId": "128335", "size": "20.5 oz box"},
{"thumb": "http://i4.peapod.com/c/KK/KKNHZ.gif", "price": "399", "unit_price": "$.35/ oz", "name": "General Mills Lucky Charms Cereal", "cnid": "270820202026202054512", "productId": "1193", "size": "11.5 oz box"},
{"thumb": "http://i4.peapod.com/c/KK/KKNHZ.gif", "price": "449", "unit_price": "$.25/ oz", "name": "General Mills Oatmeal Crisp Cereal with Raisins", "cnid": "270820202026202054512", "productId": "67600", "size": "18 oz box"},
{"thumb": "http://i4.peapod.com/c/KK/KKNHZ.gif", "price": "369", "unit_price": "$.28/ oz", "name": "General Mills Reese's Cereal Peanut Butter Puffs", "cnid": "270820202026202054512", "productId": "38144", "size": "13 oz box"},
{"thumb": "http://i4.peapod.com/c/KK/KKNHZ.gif", "price": "449", "unit_price": "$.25/ oz", "name": "General Mills Total Cereal Raisin Bran", "cnid": "270820202026202054512", "productId": "67601", "size": "18.2 oz box"},
{"thumb": "http://i4.peapod.com/c/KK/KKNHZ.gif", "price": "419", "unit_price": "$.28/ oz", "name": "General Mills Trix Cereal", "cnid": "270820202026202054512", "productId": "1186", "size": "14.8 oz box"},
{"thumb": "http://i4.peapod.com/c/KK/KKNHZ.gif", "price": "499", "unit_price": "$.32/ oz", "name": "General Mills Wheaties Cereal", "cnid": "270820202026202054512", "productId": "1176", "size": "15.6 oz box"},
{"thumb": "http://i4.peapod.com/c/KK/KKNHZ.gif", "price": "100", "unit_price": "$.12/ oz", "name": "Guaranteed Value Cereal Puffed Wheat Golden Honey", "cnid": "270820202026202054512", "productId": "163253", "size": "8 oz box"},
{"thumb": "http://i4.peapod.com/c/KK/KKNHZ.gif", "price": "279", "unit_price": "$.17/ oz", "name": "Hodgson Mill Hot Cereal Oat Bran All Natural", "cnid": "270820202026202054512", "productId": "16063", "size": "16 oz box"},
{"thumb": "http://i4.peapod.com/c/KK/KKNHZ.gif", "price": "249", "unit_price": "$.14/ oz", "name": "Hodgson Mill Oats Steel Cut 100% Whole Grain Premium All Natural", "cnid": "270820202026202054512", "productId": "163575", "size": "18 oz box"},
{"thumb": "http://i4.peapod.com/c/KK/KKNHZ.gif", "price": "449", "unit_price": "$.22/ oz", "name": "Kashi 7 Whole Grain Cereal Nuggets", "cnid": "270820202026202054512", "productId": "146108", "size": "20 oz box"},
{"thumb": "http://i4.peapod.com/c/KK/KKNHZ.gif", "price": "339", "unit_price": "$.52/ oz", "name": "Kashi 7 Whole Grain Cereal Puffs", "cnid": "270820202026202054512", "productId": "1470", "size": "6.5 oz box"},
{"thumb": "http://i4.peapod.com/c/KK/KKNHZ.gif", "price": "399", "unit_price": "$.31/ oz", "name": "Kashi GOLEAN Cereal", "cnid": "270820202026202054512", "productId": "116306", "size": "13.1 oz box"},
{"thumb": "http://i4.peapod.com/c/KK/KKNHZ.gif", "price": "459", "unit_price": "$.33/ oz", "name": "Kashi GOLEAN Cereal Crisp! Toasted Berry Crumble", "cnid": "270820202026202054512", "productId": "158020", "size": "14 oz box"},
{"thumb": "http://i4.peapod.com/c/KK/KKNHZ.gif", "price": "629", "unit_price": "$.29/ oz", "name": "Kashi GOLEAN Cereal Crunch!", "cnid": "270820202026202054512", "productId": "156328", "size": "21.3 oz box"},
{"thumb": "http://i4.peapod.com/c/KK/KKNHZ.gif", "price": "399", "unit_price": "$.29/ oz", "name": "Kashi GOLEAN Cereal Crunch!", "cnid": "270820202026202054512", "productId": "124938", "size": "13.8 oz box"},
{"thumb": "http://i4.peapod.com/c/KK/KKNHZ.gif", "price": "459", "unit_price": "$.33/ oz", "name": "Kashi GOLEAN Cereal Crunch! Honey Almond Flax", "cnid": "270820202026202054512", "productId": "145014", "size": "14 oz box"},
{"thumb": "http://i4.peapod.com/c/KK/KKNHZ.gif", "price": "449", "unit_price": "$.40/ oz", "name": "Kashi GOLEAN Instant Hot Cereal w/Clusters Honey & Cinnamon Natural - 8 ct", "cnid": "270820202026202054512", "productId": "139830", "size": "11.2 oz box"},
{"thumb": "http://i4.peapod.com/c/KK/KKNHZ.gif", "price": "399", "unit_price": "$.33/ oz", "name": "Kashi Heart to Heart Cereal Honey Toasted Oat", "cnid": "270820202026202054512", "productId": "127141", "size": "12 oz box"},
{"thumb": "http://i4.peapod.com/c/KK/KKNHZ.gif", "price": "449", "unit_price": "$.34/ oz", "name": "Kashi Heart to Heart Cereal Oat Flakes & Blueberry Clusters", "cnid": "270820202026202054512", "productId": "145015", "size": "13.4 oz box"},
{"thumb": "http://i4.peapod.com/c/KK/KKNHZ.gif", "price": "399", "unit_price": "$.33/ oz", "name": "Kashi Heart to Heart Instant Oatmeal Golden Maple - 8 ct", "cnid": "270820202026202054512", "productId": "136516", "size": "12.1 oz box"},
{"thumb": "http://i4.peapod.com/c/KK/KKNHZ.gif", "price": "333", "unit_price": "$.32/ oz", "name": "Kashi Strawberry Fields Cereal Organic", "cnid": "270820202026202054512", "productId": "132376", "size": "10.3 oz box"},
{"thumb": "http://i4.peapod.com/c/KK/KKNHZ.gif", "price": "399", "unit_price": "$.38/ oz", "name": "Kashi Whole Grain Cereal Squares Honey Sunshine", "cnid": "270820202026202054512", "productId": "151169", "size": "10.5 oz box"},
{"thumb": "http://i4.peapod.com/c/KK/KKNHZ.gif", "price": "333", "unit_price": "$.20/ oz", "name": "Kashi Whole Wheat Biscuits Cereal Autumn Wheat Organic", "cnid": "270820202026202054512", "productId": "134140", "size": "16.3 oz box"},
{"thumb": "http://i4.peapod.com/c/KK/KKNHZ.gif", "price": "333", "unit_price": "$.20/ oz", "name": "Kashi Whole Wheat Biscuits Cereal Cinnamon Harvest Organic", "cnid": "270820202026202054512", "productId": "139832", "size": "16.3 oz box"},
{"thumb": "http://i4.peapod.com/c/KK/KKNHZ.gif", "price": "499", "unit_price": "$.28/ oz", "name": "Kellogg's All-Bran Cereal Bran Buds", "cnid": "270820202026202054512", "productId": "16071", "size": "17.7 oz box"},
{"thumb": "http://i4.peapod.com/c/KK/KKNHZ.gif", "price": "449", "unit_price": "$.25/ oz", "name": "Kellogg's All-Bran Cereal Original", "cnid": "270820202026202054512", "productId": "3884", "size": "18.3 oz box"},
{"thumb": "http://i4.peapod.com/c/KK/KKNHZ.gif", "price": "479", "unit_price": "$.28/ oz", "name": "Kellogg's Apple Jacks Cereal", "cnid": "270820202026202054512", "productId": "44712", "size": "17 oz box"},
{"thumb": "http://i4.peapod.com/c/KK/KKNHZ.gif", "price": "359", "unit_price": "$.41/ oz", "name": "Kellogg's Apple Jacks Cereal", "cnid": "270820202026202054512", "productId": "155257", "size": "8.7 oz box"},
{"thumb": "http://i4.peapod.com/c/KK/KKNHZ.gif", "price": "349", "unit_price": "$.29/ oz", "name": "Kellogg's Corn Flakes Cereal", "cnid": "270820202026202054512", "productId": "3871", "size": "12 oz box"},
{"thumb": "http://i4.peapod.com/c/KK/KKNHZ.gif", "price": "499", "unit_price": "$.21/ oz", "name": "Kellogg's Corn Flakes Cereal", "cnid": "270820202026202054512", "productId": "3873", "size": "24 oz box"},
{"thumb": "http://i4.peapod.com/c/KK/KKNHZ.gif", "price": "499", "unit_price": "$.29/ oz", "name": "Kellogg's Corn Pops Cereal", "cnid": "270820202026202054512", "productId": "92683", "size": "17.2 oz box"},
{"thumb": "http://i4.peapod.com/c/KK/KKNHZ.gif", "price": "399", "unit_price": "$.43/ oz", "name": "Kellogg's Corn Pops Cereal", "cnid": "270820202026202054512", "productId": "13071", "size": "9.2 oz box"},
{"thumb": "http://i4.peapod.com/c/KK/KKNHZ.gif", "price": "529", "unit_price": "$.31/ oz", "name": "Kellogg's Cracklin Oat Bran Cereal", "cnid": "270820202026202054512", "productId": "3904", "size": "17 oz box"},
{"thumb": "http://i4.peapod.com/c/KK/KKNHZ.gif", "price": "399", "unit_price": "$.33/ oz", "name": "Kellogg's Crispix Cereal", "cnid": "270820202026202054512", "productId": "3897", "size": "12 oz box"},
{"thumb": "http://i4.peapod.com/c/KK/KKNHZ.gif", "price": "399", "unit_price": "$.28/ oz", "name": "Kellogg's Crunchy Nut Cereal Golden Honey Nut Flakes", "cnid": "270820202026202054512", "productId": "161797", "size": "14.1 oz box"},
{"thumb": "http://i4.peapod.com/c/KK/KKNHZ.gif", "price": "399", "unit_price": "$.37/ oz", "name": "Kellogg's Crunchy Nut Cereal Roasted Nut & Honey O's", "cnid": "270820202026202054512", "productId": "161796", "size": "10.8 oz box"},
{"thumb": "http://i4.peapod.com/c/KK/KKNHZ.gif", "price": "399", "unit_price": "$.33/ oz", "name": "Kellogg's Froot Loops Cereal", "cnid": "270820202026202054512", "productId": "3892", "size": "12.2 oz box"},
{"thumb": "http://i4.peapod.com/c/KK/KKNHZ.gif", "price": "499", "unit_price": "$.29/ oz", "name": "Kellogg's Froot Loops Cereal", "cnid": "270820202026202054512", "productId": "44711", "size": "17 oz box"},
{"thumb": "http://i4.peapod.com/c/KK/KKNHZ.gif", "price": "379", "unit_price": "$.44/ oz", "name": "Kellogg's Froot Loops Cereal", "cnid": "270820202026202054512", "productId": "155254", "size": "8.7 oz box"},
{"thumb": "http://i4.peapod.com/c/KK/KKNHZ.gif", "price": "529", "unit_price": "$.28/ oz", "name": "Kellogg's Frosted Flakes Cereal", "cnid": "270820202026202054512", "productId": "3888", "size": "19 oz box"},
{"thumb": "http://i4.peapod.com/c/KK/KKNHZ.gif", "price": "399", "unit_price": "$.38/ oz", "name": "Kellogg's Frosted Flakes Cereal", "cnid": "270820202026202054512", "productId": "3886", "size": "10.5 oz box"},
{"thumb": "http://i4.peapod.com/c/KK/KKNHZ.gif", "price": "429", "unit_price": "$.28/ oz", "name": "Kellogg's Honey Smacks Cereal", "cnid": "270820202026202054512", "productId": "3883", "size": "15.3 oz box"},
{"thumb": "http://i4.peapod.com/c/KK/KKNHZ.gif", "price": "399", "unit_price": "$.35/ oz", "name": "Kellogg's Krave Cereal Multigrain Chocolate", "cnid": "270820202026202054512", "productId": "178267", "size": "11.4 oz box"},
{"thumb": "http://i4.peapod.com/c/KK/KKNHZ.gif", "price": "379", "unit_price": "$.33/ oz", "name": "Kellogg's Krave Cereal Multigrain Double Chocolate", "cnid": "270820202026202054512", "productId": "178268", "size": "11.4 oz box"},
{"thumb": "http://i4.peapod.com/c/KK/KKNHZ.gif", "price": "429", "unit_price": "$.24/ oz", "name": "Kellogg's Mini Wheats Cereal Frosted Bite Size", "cnid": "270820202026202054512", "productId": "3905", "size": "18 oz box"},
{"thumb": "http://i4.peapod.com/c/KK/KKNHZ.gif", "price": "469", "unit_price": "$.19/ oz", "name": "Kellogg's Mini Wheats Cereal Frosted Bite Size", "cnid": "270820202026202054512", "productId": "3906", "size": "24 oz box"},
{"thumb": "http://i4.peapod.com/c/KK/KKNHZ.gif", "price": "429", "unit_price": "$.28/ oz", "name": "Kellogg's Mini Wheats Cereal Frosted Chocolate Little Bites", "cnid": "270820202026202054512", "productId": "153260", "size": "15.2 oz box"},
{"thumb": "http://i4.peapod.com/c/KK/KKNHZ.gif", "price": "429", "unit_price": "$.28/ oz", "name": "Kellogg's Mini Wheats Cereal Frosted Maple & Brown Sugar", "cnid": "270820202026202054512", "productId": "138484", "size": "15.5 oz box"},
{"thumb": "http://i4.peapod.com/c/KK/KKNHZ.gif", "price": "399", "unit_price": "$.26/ oz", "name": "Kellogg's Mini Wheats Cereal Frosted Strawberry Delight", "cnid": "270820202026202054512", "productId": "139981", "size": "15.5 oz box"},
{"thumb": "http://i4.peapod.com/c/KK/KKNHZ.gif", "price": "429", "unit_price": "$.29/ oz", "name": "Kellogg's Mini Wheats Cereal Frosted Touch of Fruit in Middle Mixed Berry", "cnid": "270820202026202054512", "productId": "161795", "size": "15 oz box"},
{"thumb": "http://i4.peapod.com/c/KK/KKNHZ.gif", "price": "479", "unit_price": "$.40/ oz", "name": "Kellogg's Product 19 Cereal", "cnid": "270820202026202054512", "productId": "3893", "size": "12 oz box"},
{"thumb": "http://i4.peapod.com/c/KK/KKNHZ.gif", "price": "399", "unit_price": "$.21/ oz", "name": "Kellogg's Raisin Bran Cereal", "cnid": "270820202026202054512", "productId": "3879", "size": "18.7 oz box"},
{"thumb": "http://i4.peapod.com/c/KK/KKNHZ.gif", "price": "369", "unit_price": "$.27/ oz", "name": "Kellogg's Raisin Bran Cereal", "cnid": "270820202026202054512", "productId": "27303", "size": "13.7 oz box"},
{"thumb": "http://i4.peapod.com/c/KK/KKNHZ.gif", "price": "449", "unit_price": "$.19/ oz", "name": "Kellogg's Raisin Bran Cereal Value Size", "cnid": "270820202026202054512", "productId": "3880", "size": "23.5 oz box"},
{"thumb": "http://i4.peapod.com/c/KK/KKNHZ.gif", "price": "449", "unit_price": "$.25/ oz", "name": "Kellogg's Raisin Bran Crunch Cereal", "cnid": "270820202026202054512", "productId": "102852", "size": "18.2 oz box"},
{"thumb": "http://i4.peapod.com/c/KK/KKNHZ.gif", "price": "399", "unit_price": "$.44/ oz", "name": "Kellogg's Rice Krispies Cereal", "cnid": "270820202026202054512", "productId": "3875", "size": "9 oz box"},
{"thumb": "http://i4.peapod.com/c/KK/KKNHZ.gif", "price": "499", "unit_price": "$.28/ oz", "name": "Kellogg's Rice Krispies Cereal", "cnid": "270820202026202054512", "productId": "3877", "size": "18 oz box"},
{"thumb": "http://i4.peapod.com/c/KK/KKNHZ.gif", "price": "449", "unit_price": "$.37/ oz", "name": "Kellogg's Rice Krispies Cereal", "cnid": "270820202026202054512", "productId": "3876", "size": "12 oz box"},
{"thumb": "http://i4.peapod.com/c/KK/KKNHZ.gif", "price": "449", "unit_price": "$.29/ oz", "name": "Kellogg's Rice Krispies Cereal Cocoa", "cnid": "270820202026202054512", "productId": "3882", "size": "15.5 oz box"},
{"thumb": "http://i4.peapod.com/c/KK/KKNHZ.gif", "price": "449", "unit_price": "$.26/ oz", "name": "Kellogg's Smart Start Cereal with Antioxidants", "cnid": "270820202026202054512", "productId": "119411", "size": "17.5 oz box"},
{"thumb": "http://i4.peapod.com/c/KK/KKNHZ.gif", "price": "399", "unit_price": "$.33/ oz", "name": "Kellogg's Special K Cereal", "cnid": "270820202026202054512", "productId": "3889", "size": "12 oz box"},
{"thumb": "http://i4.peapod.com/c/KK/KKNHZ.gif", "price": "499", "unit_price": "$.28/ oz", "name": "Kellogg's Special K Cereal", "cnid": "270820202026202054512", "productId": "3890", "size": "18 oz box"},
{"thumb": "http://i4.peapod.com/c/KK/KKNHZ.gif", "price": "399", "unit_price": "$.35/ oz", "name": "Kellogg's Special K Cereal Blueberry", "cnid": "270820202026202054512", "productId": "153257", "size": "11.4 oz box"},
{"thumb": "http://i4.peapod.com/c/KK/KKNHZ.gif", "price": "399", "unit_price": "$.30/ oz", "name": "Kellogg's Special K Cereal Chocolatey Delight", "cnid": "270820202026202054512", "productId": "143929", "size": "13.4 oz box"},
{"thumb": "http://i4.peapod.com/c/KK/KKNHZ.gif", "price": "399", "unit_price": "$.32/ oz", "name": "Kellogg's Special K Cereal Cinnamon Pecan", "cnid": "270820202026202054512", "productId": "148134", "size": "12.5 oz box"},
{"thumb": "http://i4.peapod.com/c/KK/KKNHZ.gif", "price": "399", "unit_price": "$.30/ oz", "name": "Kellogg's Special K Cereal Low Carb Lifestyle Protein Plus", "cnid": "270820202026202054512", "productId": "135504", "size": "13.5 oz box"},
{"thumb": "http://i4.peapod.com/c/KK/KKNHZ.gif", "price": "499", "unit_price": "$.34/ oz", "name": "Kellogg's Special K Cereal Red Berries", "cnid": "270820202026202054512", "productId": "126395", "size": "14.7 oz box"},
{"thumb": "http://i4.peapod.com/c/KK/KKNHZ.gif", "price": "399", "unit_price": "$.32/ oz", "name": "Kellogg's Special K Cereal Vanilla Almond", "cnid": "270820202026202054512", "productId": "135503", "size": "12.4 oz box"},
{"thumb": "http://i4.peapod.com/c/KK/KKNHZ.gif", "price": "399", "unit_price": "$.31/ oz", "name": "Kellogg's Special K Cereal with Fruit 'N Yogurt", "cnid": "270820202026202054512", "productId": "141108", "size": "12.8 oz box"},
{"thumb": "http://i4.peapod.com/c/KK/KKNHZ.gif", "price": "399", "unit_price": "$.36/ oz", "name": "Kellogg's Special K Cereal with Red Berries", "cnid": "270820202026202054512", "productId": "123952", "size": "11.2 oz box"},
{"thumb": "http://i4.peapod.com/c/KK/KKNHZ.gif", "price": "499", "unit_price": "$.33/ oz", "name": "McCann's Instant Irish Oatmeal Maple & Brown Sugar - 10 ct", "cnid": "270820202026202054512", "productId": "146111", "size": "15.1 oz box"},
{"thumb": "http://i4.peapod.com/c/KK/KKNHZ.gif", "price": "979", "unit_price": "$.35/ oz", "name": "McCann's Irish Oatmeal Steel Cut", "cnid": "270820202026202054512", "productId": "64057", "size": "28 oz can"},
{"thumb": "http://i4.peapod.com/c/KK/KKNHZ.gif", "price": "499", "unit_price": "$.31/ oz", "name": "McCann's Quick Cooking Irish Oatmeal", "cnid": "270820202026202054512", "productId": "22645", "size": "16 oz box"},
{"thumb": "http://i4.peapod.com/c/KK/KKNHZ.gif", "price": "439", "unit_price": "$.16/ oz", "name": "Nabisco Cream of Wheat 1 Minute Cook Time", "cnid": "270820202026202054512", "productId": "652", "size": "28 oz box"},
{"thumb": "http://i4.peapod.com/c/KK/KKNHZ.gif", "price": "439", "unit_price": "$.16/ oz", "name": "Nabisco Cream of Wheat Quick", "cnid": "270820202026202054512", "productId": "651", "size": "28 oz box"},
{"thumb": "http://i4.peapod.com/c/KK/KKNHZ.gif", "price": "439", "unit_price": "$.37/ oz", "name": "Nabisco Instant Cream of Wheat Hot Cereal - 12 ct", "cnid": "270820202026202054512", "productId": "657", "size": "12 oz pkg"},
{"thumb": "http://i4.peapod.com/c/KK/KKNHZ.gif", "price": "439", "unit_price": "$.35/ oz", "name": "Nabisco Instant Cream of Wheat Hot Cereal Maple Brown Sugar - 10 ct", "cnid": "270820202026202054512", "productId": "154084", "size": "12.5 oz box"},
{"thumb": "http://i4.peapod.com/c/KK/KKNHZ.gif", "price": "439", "unit_price": "$.35/ oz", "name": "Nabisco Instant Cream of Wheat Whole Grain Hot Cereal Healthy Grain - 8 ct", "cnid": "270820202026202054512", "productId": "163227", "size": "12.7 oz box"},
{"thumb": "http://i4.peapod.com/c/KK/KKNHZ.gif", "price": "379", "unit_price": "$.36/ oz", "name": "Nature's Path EnviroKidz Cereal Panda Puffs Peanut Butter Organic", "cnid": "270820202026202054512", "productId": "146179", "size": "10.6 oz box"},
{"thumb": "http://i4.peapod.com/c/KK/KKNHZ.gif", "price": "300", "unit_price": "$.25/ oz", "name": "Nature's Promise Naturals Granola Banana Nut", "cnid": "270820202026202054512", "productId": "174922", "size": "12 oz pkg"},
{"thumb": "http://i4.peapod.com/c/KK/KKNHZ.gif", "price": "329", "unit_price": "$.33/ oz", "name": "Nature's Promise Organics Instant Oatmeal Apple Cinnamon - 8 ct", "cnid": "270820202026202054512", "productId": "157905", "size": "10 oz box"},
{"thumb": "http://i4.peapod.com/c/KK/KKNHZ.gif", "price": "329", "unit_price": "$.27/ oz", "name": "Nature's Promise Organics Instant Oatmeal Maple - 8 ct", "cnid": "270820202026202054512", "productId": "158031", "size": "12 oz box"},
{"thumb": "http://i4.peapod.com/c/KK/KKNHZ.gif", "price": "249", "unit_price": "$.14/ oz", "name": "Nature's Promise Organics Quick Oats Rolled", "cnid": "270820202026202054512", "productId": "157907", "size": "18 oz ctn"},
{"thumb": "http://i4.peapod.com/c/KK/KKNHZ.gif", "price": "399", "unit_price": "$.31/ oz", "name": "Newman's Own Cereal Sweet Enough Vanilla Almond", "cnid": "270820202026202054512", "productId": "157956", "size": "13 oz box"},
{"thumb": "http://i4.peapod.com/c/KK/KKNHZ.gif", "price": "319", "unit_price": "$.17/ oz", "name": "Old Wessex Ltd. Hot Cereal 5 Grain Whole Grain All Natural", "cnid": "270820202026202054512", "productId": "154905", "size": "18.5 oz can"},
{"thumb": "http://i4.peapod.com/c/KK/KKNHZ.gif", "price": "269", "unit_price": "$.14/ oz", "name": "Old Wessex Ltd. Oatmeal Irish Style Whole Grain All Natural", "cnid": "270820202026202054512", "productId": "120386", "size": "18.5 oz can"},
{"thumb": "http://i4.peapod.com/c/KK/KKNHZ.gif", "price": "399", "unit_price": "$.27/ oz", "name": "Post Cereal Shredded Wheat Original", "cnid": "270820202026202054512", "productId": "638", "size": "15 oz box"},
{"thumb": "http://i4.peapod.com/c/KK/KKNHZ.gif", "price": "399", "unit_price": "$.24/ oz", "name": "Post Cereal Shredded Wheat Original Spoon Size", "cnid": "270820202026202054512", "productId": "640", "size": "16.4 oz box"},
{"thumb": "http://i4.peapod.com/c/KK/KKNHZ.gif", "price": "399", "unit_price": "$.22/ oz", "name": "Post Cereal Shredded Wheat Wheat 'n Bran Spoon Size 100% Natural", "cnid": "270820202026202054512", "productId": "654", "size": "18 oz box"},
{"thumb": "http://i4.peapod.com/c/KK/KKNHZ.gif", "price": "349", "unit_price": "$.32/ oz", "name": "Post Cocoa Pebbles Cereal", "cnid": "270820202026202054512", "productId": "5939", "size": "11 oz box"},
{"thumb": "http://i4.peapod.com/c/KK/KKNHZ.gif", "price": "350", "unit_price": "$.23/ oz", "name": "Post Fruity Pebbles Cereal", "cnid": "270820202026202054512", "productId": "14460", "size": "15 oz box"},
{"thumb": "http://i4.peapod.com/c/KK/KKNHZ.gif", "price": "429", "unit_price": "$.18/ oz", "name": "Post Grape-Nuts Cereal 100% Natural", "cnid": "270820202026202054512", "productId": "5929", "size": "24 oz box"},
{"thumb": "http://i4.peapod.com/c/KK/KKNHZ.gif", "price": "350", "unit_price": "$.19/ oz", "name": "Post Honey Bunches of Oats Cereal Honey Roasted", "cnid": "270820202026202054512", "productId": "137238", "size": "18 oz box"},
{"thumb": "http://i4.peapod.com/c/KK/KKNHZ.gif", "price": "429", "unit_price": "$.30/ oz", "name": "Post Honey Bunches of Oats Cereal Honey Roasted", "cnid": "270820202026202054512", "productId": "14124", "size": "14.5 oz box"},
{"thumb": "http://i4.peapod.com/c/KK/KKNHZ.gif", "price": "429", "unit_price": "$.30/ oz", "name": "Post Honey Bunches of Oats Cereal with Almonds", "cnid": "270820202026202054512", "productId": "5932", "size": "14.5 oz box"},
{"thumb": "http://i4.peapod.com/c/KK/KKNHZ.gif", "price": "350", "unit_price": "$.19/ oz", "name": "Post Honey Bunches of Oats Cereal with Almonds", "cnid": "270820202026202054512", "productId": "137237", "size": "18 oz box"},
{"thumb": "http://i4.peapod.com/c/KK/KKNHZ.gif", "price": "429", "unit_price": "$.30/ oz", "name": "Post Honey Bunches of Oats Cereal with Cinnamon Bunches", "cnid": "270820202026202054512", "productId": "147170", "size": "14.5 oz box"},
{"thumb": "http://i4.peapod.com/c/KK/KKNHZ.gif", "price": "359", "unit_price": "$.29/ oz", "name": "Post Honeycomb Cereal", "cnid": "270820202026202054512", "productId": "5931", "size": "12.5 oz box"},
{"thumb": "http://i4.peapod.com/c/KK/KKNHZ.gif", "price": "350", "unit_price": "$.14/ oz", "name": "Post Raisin Bran Cereal", "cnid": "270820202026202054512", "productId": "22882", "size": "25 oz box"},
{"thumb": "http://i4.peapod.com/c/KK/KKNHZ.gif", "price": "399", "unit_price": "$.26/ oz", "name": "Post Selects Cereal Banana Nut Crunch", "cnid": "270820202026202054512", "productId": "18609", "size": "15.5 oz box"},
{"thumb": "http://i4.peapod.com/c/KK/KKNHZ.gif", "price": "399", "unit_price": "$.28/ oz", "name": "Post Selects Cereal Cranberry Almond Crunch", "cnid": "270820202026202054512", "productId": "50875", "size": "14 oz box"},
{"thumb": "http://i4.peapod.com/c/KK/KKNHZ.gif", "price": "399", "unit_price": "$.25/ oz", "name": "Post Selects Great Grains Cereal Crunchy Pecan", "cnid": "270820202026202054512", "productId": "33172", "size": "16 oz box"},
{"thumb": "http://i4.peapod.com/c/KK/KKNHZ.gif", "price": "399", "unit_price": "$.25/ oz", "name": "Post Selects Great Grains Cereal Raisins, Dates & Pecans", "cnid": "270820202026202054512", "productId": "33210", "size": "16 oz box"},
{"thumb": "http://i4.peapod.com/c/KK/KKNHZ.gif", "price": "300", "unit_price": "$.21/ oz", "name": "Quaker Cap'n Crunch Cereal", "cnid": "270820202026202054512", "productId": "2883", "size": "14 oz box"},
{"thumb": "http://i4.peapod.com/c/KK/KKNHZ.gif", "price": "300", "unit_price": "$.24/ oz", "name": "Quaker Cap'n Crunch Cereal Peanut Butter", "cnid": "270820202026202054512", "productId": "2881", "size": "12.5 oz box"},
{"thumb": "http://i4.peapod.com/c/KK/KKNHZ.gif", "price": "479", "unit_price": "$.33/ oz", "name": "Quaker Essentials Toasted Oatmeal Squares Cereal", "cnid": "270820202026202054512", "productId": "2880", "size": "14.5 oz box"},
{"thumb": "http://i4.peapod.com/c/KK/KKNHZ.gif", "price": "579", "unit_price": "$.21/ oz", "name": "Quaker Granola with Oats, Honey & Raisins 100% Natural", "cnid": "270820202026202054512", "productId": "2884", "size": "28 oz box"},
{"thumb": "http://i4.peapod.com/c/KK/KKNHZ.gif", "price": "299", "unit_price": "$.25/ oz", "name": "Quaker Instant Grits Original - 12 ct", "cnid": "270820202026202054512", "productId": "2851", "size": "12 oz box"},
{"thumb": "http://i4.peapod.com/c/KK/KKNHZ.gif", "price": "250", "unit_price": "$.17/ oz", "name": "Quaker Instant Oatmeal Apple & Cinnamon - 10 ct", "cnid": "270820202026202054512", "productId": "2824", "size": "15.1 oz box"},
{"thumb": "http://i4.peapod.com/c/KK/KKNHZ.gif", "price": "250", "unit_price": "$.20/ oz", "name": "Quaker Instant Oatmeal Crunch High Fiber Maple Brown Sugar - 8 ct", "cnid": "270820202026202054512", "productId": "154082", "size": "12.6 oz box"},
{"thumb": "http://i4.peapod.com/c/KK/KKNHZ.gif", "price": "250", "unit_price": "$.18/ oz", "name": "Quaker Instant Oatmeal Dinosaur Eggs Maple N Brown Sugar - 8 ct", "cnid": "270820202026202054512", "productId": "99847", "size": "14.1 oz box"},
{"thumb": "http://i4.peapod.com/c/KK/KKNHZ.gif", "price": "250", "unit_price": "$.20/ oz", "name": "Quaker Instant Oatmeal Fruit & Cream Variety - 10 ct", "cnid": "270820202026202054512", "productId": "2828", "size": "12.3 oz box"},
{"thumb": "http://i4.peapod.com/c/KK/KKNHZ.gif", "price": "250", "unit_price": "$.17/ oz", "name": "Quaker Instant Oatmeal Maple & Brown Sugar - 10 ct", "cnid": "270820202026202054512", "productId": "2819", "size": "15.1 oz pkg"},
{"thumb": "http://i4.peapod.com/c/KK/KKNHZ.gif", "price": "250", "unit_price": "$.21/ oz", "name": "Quaker Instant Oatmeal Maple & Brown Sugar Lower Sugar - 10 ct", "cnid": "270820202026202054512", "productId": "137284", "size": "11.9 oz box"},
{"thumb": "http://i4.peapod.com/c/KK/KKNHZ.gif", "price": "250", "unit_price": "$.22/ oz", "name": "Quaker Instant Oatmeal Maple & Brown Sugar Weight Control - 8 ct", "cnid": "270820202026202054512", "productId": "147169", "size": "11.5 oz box"},
{"thumb": "http://i4.peapod.com/c/KK/KKNHZ.gif", "price": "250", "unit_price": "$.19/ oz", "name": "Quaker Instant Oatmeal Raisin, Date & Walnut - 10 ct", "cnid": "270820202026202054512", "productId": "13072", "size": "13 oz pkg"},
{"thumb": "http://i4.peapod.com/c/KK/KKNHZ.gif", "price": "250", "unit_price": "$.17/ oz", "name": "Quaker Instant Oatmeal Raisins & Spice - 10 ct", "cnid": "270820202026202054512", "productId": "26988", "size": "15.1 oz box"},
{"thumb": "http://i4.peapod.com/c/KK/KKNHZ.gif", "price": "250", "unit_price": "$.21/ oz", "name": "Quaker Instant Oatmeal Regular - 12 ct", "cnid": "270820202026202054512", "productId": "2821", "size": "11.8 oz pkg"},
{"thumb": "http://i4.peapod.com/c/KK/KKNHZ.gif", "price": "250", "unit_price": "$.20/ oz", "name": "Quaker Instant Oatmeal Variety Pack Weight Control - 8 ct", "cnid": "270820202026202054512", "productId": "154083", "size": "12.6 oz box"},
{"thumb": "http://i4.peapod.com/c/KK/KKNHZ.gif", "price": "479", "unit_price": "$.27/ oz", "name": "Quaker Life Cereal Original Multigrain", "cnid": "270820202026202054512", "productId": "2876", "size": "18 oz box"},
{"thumb": "http://i4.peapod.com/c/KK/KKNHZ.gif", "price": "250", "unit_price": "$.14/ oz", "name": "Quaker Oats Rolled Old Fashioned", "cnid": "270820202026202054512", "productId": "2816", "size": "18 oz can"},
{"thumb": "http://i4.peapod.com/c/KK/KKNHZ.gif", "price": "499", "unit_price": "$.12/ oz", "name": "Quaker Oats Rolled Old Fashioned", "cnid": "270820202026202054512", "productId": "2817", "size": "42 oz can"},
{"thumb": "http://i4.peapod.com/c/KK/KKNHZ.gif", "price": "499", "unit_price": "$.21/ oz", "name": "Quaker Oats Steel Cut", "cnid": "270820202026202054512", "productId": "146170", "size": "24 oz can"},
{"thumb": "http://i4.peapod.com/c/KK/KKNHZ.gif", "price": "499", "unit_price": "$.12/ oz", "name": "Quaker Quick 1-Minute Oats Rolled", "cnid": "270820202026202054512", "productId": "2820", "size": "42 oz can"},
{"thumb": "http://i4.peapod.com/c/KK/KKNHZ.gif", "price": "250", "unit_price": "$.14/ oz", "name": "Quaker Quick 1-Minute Oats Rolled", "cnid": "270820202026202054512", "productId": "2818", "size": "18 oz can"},
{"thumb": "http://i4.peapod.com/c/KK/KKNHZ.gif", "price": "249", "unit_price": "$.10/ oz", "name": "Quaker Quick Grits", "cnid": "270820202026202054512", "productId": "2842", "size": "24 oz can"},
{"thumb": "http://i4.peapod.com/c/KK/KKNHZ.gif", "price": "150", "unit_price": "$.58/ oz", "name": "Quaker Real Medleys Oatmeal + Cherry Pistachio", "cnid": "270820202026202054512", "productId": "177962", "size": "2.57 oz cup"},
{"thumb": "http://i4.peapod.com/c/KK/KKNHZ.gif", "price": "299", "unit_price": "$.25/ oz", "name": "Stop & Shop Be Well Cereal Berry", "cnid": "270820202026202054512", "productId": "183628", "size": "12 oz box"},
{"thumb": "http://i4.peapod.com/c/KK/KKNHZ.gif", "price": "299", "unit_price": "$.17/ oz", "name": "Stop & Shop Cereal Bran Flakes", "cnid": "270820202026202054512", "productId": "57797", "size": "17.3 oz box"},
{"thumb": "http://i4.peapod.com/c/KK/KKNHZ.gif", "price": "250", "unit_price": "$.21/ oz", "name": "Stop & Shop Cereal Crispy Rice", "cnid": "270820202026202054512", "productId": "158637", "size": "12 oz box"},
{"thumb": "http://i4.peapod.com/c/KK/KKNHZ.gif", "price": "169", "unit_price": "$.28/ oz", "name": "Stop & Shop Cereal Puffed Rice", "cnid": "270820202026202054512", "productId": "174917", "size": "6 oz box"},
{"thumb": "http://i4.peapod.com/c/KK/KKNHZ.gif", "price": "169", "unit_price": "$.28/ oz", "name": "Stop & Shop Cereal Puffed Wheat", "cnid": "270820202026202054512", "productId": "161966", "size": "6 oz box"},
{"thumb": "http://i4.peapod.com/c/KK/KKNHZ.gif", "price": "299", "unit_price": "$.15/ oz", "name": "Stop & Shop Cereal Raisin Bran", "cnid": "270820202026202054512", "productId": "158001", "size": "20 oz box"},
{"thumb": "http://i4.peapod.com/c/KK/KKNHZ.gif", "price": "299", "unit_price": "$.18/ oz", "name": "Stop & Shop Cereal Shredded Wheat Bite Size 100% Natural", "cnid": "270820202026202054512", "productId": "161954", "size": "16.4 oz box"},
{"thumb": "http://i4.peapod.com/c/KK/KKNHZ.gif", "price": "299", "unit_price": "$.17/ oz", "name": "Stop & Shop Cereal Shredded Wheat Frosted Bite Size", "cnid": "270820202026202054512", "productId": "128390", "size": "18 oz box"},
{"thumb": "http://i4.peapod.com/c/KK/KKNHZ.gif", "price": "339", "unit_price": "$.21/ oz", "name": "Stop & Shop Fiber Select Cereal Bran", "cnid": "270820202026202054512", "productId": "158291", "size": "16 oz box"},
{"thumb": "http://i4.peapod.com/c/KK/KKNHZ.gif", "price": "299", "unit_price": "$.19/ oz", "name": "Stop & Shop Granola Oats, Honey & Raisins", "cnid": "270820202026202054512", "productId": "57810", "size": "16 oz box"},
{"thumb": "http://i4.peapod.com/c/KK/KKNHZ.gif", "price": "299", "unit_price": "$.19/ oz", "name": "Stop & Shop Granola Oats & Honey", "cnid": "270820202026202054512", "productId": "57811", "size": "16 oz box"},
{"thumb": "http://i4.peapod.com/c/KK/KKNHZ.gif", "price": "359", "unit_price": "$.29/ oz", "name": "Stop & Shop Instant Cream Farina Maple Brown Sugar - 10 ct", "cnid": "270820202026202054512", "productId": "155702", "size": "12.3 oz box"},
{"thumb": "http://i4.peapod.com/c/KK/KKNHZ.gif", "price": "359", "unit_price": "$.30/ oz", "name": "Stop & Shop Instant Cream Farina Original Flavor - 12 ct", "cnid": "270820202026202054512", "productId": "155701", "size": "11.8 oz box"},
{"thumb": "http://i4.peapod.com/c/KK/KKNHZ.gif", "price": "299", "unit_price": "$.24/ oz", "name": "Stop & Shop Instant Oatmeal Apple Cinnamon - 10 ct", "cnid": "270820202026202054512", "productId": "57641", "size": "12.3 oz box"},
{"thumb": "http://i4.peapod.com/c/KK/KKNHZ.gif", "price": "299", "unit_price": "$.24/ oz", "name": "Stop & Shop Instant Oatmeal Fruit & Cream Variety Pack - 10 ct", "cnid": "270820202026202054512", "productId": "79158", "size": "12.3 oz box"},
{"thumb": "http://i4.peapod.com/c/KK/KKNHZ.gif", "price": "299", "unit_price": "$.20/ oz", "name": "Stop & Shop Instant Oatmeal Honey Nut - 10 ct", "cnid": "270820202026202054512", "productId": "158640", "size": "15.1 oz box"},
{"thumb": "http://i4.peapod.com/c/KK/KKNHZ.gif", "price": "299", "unit_price": "$.20/ oz", "name": "Stop & Shop Instant Oatmeal Maple Brown Sugar - 10 ct", "cnid": "270820202026202054512", "productId": "57812", "size": "15.1 oz box"},
{"thumb": "http://i4.peapod.com/c/KK/KKNHZ.gif", "price": "299", "unit_price": "$.25/ oz", "name": "Stop & Shop Instant Oatmeal Original Flavor - 12 ct", "cnid": "270820202026202054512", "productId": "57814", "size": "11.8 oz box"},
{"thumb": "http://i4.peapod.com/c/KK/KKNHZ.gif", "price": "299", "unit_price": "$.23/ oz", "name": "Stop & Shop Instant Oatmeal Raisin, Date & Walnut - 10 ct", "cnid": "270820202026202054512", "productId": "158638", "size": "13 oz box"},
{"thumb": "http://i4.peapod.com/c/KK/KKNHZ.gif", "price": "299", "unit_price": "$.20/ oz", "name": "Stop & Shop Instant Oatmeal Raisin Spice - 10 ct", "cnid": "270820202026202054512", "productId": "158639", "size": "15.1 oz box"},
{"thumb": "http://i4.peapod.com/c/KK/KKNHZ.gif", "price": "299", "unit_price": "$.24/ oz", "name": "Stop & Shop Oats & O's Cereal Honey Nut", "cnid": "270820202026202054512", "productId": "57805", "size": "12.5 oz box"},
{"thumb": "http://i4.peapod.com/c/KK/KKNHZ.gif", "price": "299", "unit_price": "$.21/ oz", "name": "Stop & Shop Oats & O's Cereal Toasted Whole Grain Oat", "cnid": "270820202026202054512", "productId": "63052", "size": "14 oz box"},
{"thumb": "http://i4.peapod.com/c/KK/KKNHZ.gif", "price": "399", "unit_price": "$.09/ oz", "name": "Stop & Shop Oats Rolled Old Fashioned", "cnid": "270820202026202054512", "productId": "118806", "size": "42 oz pkg"},
{"thumb": "http://i4.peapod.com/c/KK/KKNHZ.gif", "price": "399", "unit_price": "$.09/ oz", "name": "Stop & Shop Quick Oats Microwaveable 100% Natural", "cnid": "270820202026202054512", "productId": "57815", "size": "42 oz can"},
{"thumb": "http://i4.peapod.com/c/KK/KKNHZ.gif", "price": "279", "unit_price": "$.15/ oz", "name": "Stop & Shop Raisin Bran Cereal Crunchy Granola", "cnid": "270820202026202054512", "productId": "190229", "size": "18.2 oz box"},
{"thumb": "http://i4.peapod.com/c/KK/KKNHZ.gif", "price": "569", "unit_price": "$.41/ oz", "name": "Alpen Muesli Cereal No Sugar Added All Natural", "cnid": "2708202026202038140", "productId": "36405", "size": "14 oz box"},
{"thumb": "http://i4.peapod.com/c/KK/KKNHZ.gif", "price": "299", "unit_price": "$.30/ oz", "name": "Barbara's Puffins Cereal Cinnamon All Natural", "cnid": "2708202026202038140", "productId": "129616", "size": "10 oz box"},
{"thumb": "http://i4.peapod.com/c/KK/KKNHZ.gif", "price": "299", "unit_price": "$.30/ oz", "name": "Barbara's Puffins Cereal Original All Natural", "cnid": "2708202026202038140", "productId": "77031", "size": "10 oz box"},
{"thumb": "http://i4.peapod.com/c/KK/KKNHZ.gif", "price": "299", "unit_price": "$.27/ oz", "name": "Barbara's Puffins Cereal Peanut Butter All Natural", "cnid": "2708202026202038140", "productId": "145018", "size": "11 oz box"},
{"thumb": "http://i4.peapod.com/c/KK/KKNHZ.gif", "price": "399", "unit_price": "$.33/ oz", "name": "Bear Naked Fit Granola Triple Berry Crunch 100% Natural", "cnid": "2708202026202038140", "productId": "139996", "size": "12 oz bag"},
{"thumb": "http://i4.peapod.com/c/KK/KKNHZ.gif", "price": "399", "unit_price": "$.33/ oz", "name": "Bear Naked Fit Granola Vanilla Almond Crunch 100% Natural", "cnid": "2708202026202038140", "productId": "139997", "size": "12 oz bag"},
{"thumb": "http://i4.peapod.com/c/KK/KKNHZ.gif", "price": "399", "unit_price": "$.33/ oz", "name": "Bear Naked Granola Fruit & Nut 100% Natural", "cnid": "2708202026202038140", "productId": "138756", "size": "12 oz bag"},
{"thumb": "http://i4.peapod.com/c/KK/KKNHZ.gif", "price": "449", "unit_price": "$.43/ oz", "name": "Cascadian Farm Cereal Honey Nut O's Whole Grain with Almonds Organic", "cnid": "2708202026202038140", "productId": "131412", "size": "10.4 oz box"},
{"thumb": "http://i4.peapod.com/c/KK/KKNHZ.gif", "price": "449", "unit_price": "$.50/ oz", "name": "Cascadian Farm Cereal Purely O's Organic", "cnid": "2708202026202038140", "productId": "156313", "size": "9 oz box"},
{"thumb": "http://i4.peapod.com/c/KK/KKNHZ.gif", "price": "399", "unit_price": "$.28/ oz", "name": "Cascadian Farm Cereal Raisin Bran Organic", "cnid": "2708202026202038140", "productId": "161509", "size": "14 oz box"},
{"thumb": "http://i4.peapod.com/c/KK/KKNHZ.gif", "price": "449", "unit_price": "$.34/ oz", "name": "Cascadian Farm Cereal Squares Multigrain Organic", "cnid": "2708202026202038140", "productId": "131411", "size": "13 oz box"},
{"thumb": "http://i4.peapod.com/c/KK/KKNHZ.gif", "price": "449", "unit_price": "$.26/ oz", "name": "Cascadian Farm Granola Oats & Honey Organic", "cnid": "2708202026202038140", "productId": "132375", "size": "17 oz box"},
{"thumb": "http://i4.peapod.com/c/KK/KKNHZ.gif", "price": "449", "unit_price": "$.44/ oz", "name": "Cascadian Farm Kids Cereal Cinnamon Crunch Organic", "cnid": "2708202026202038140", "productId": "156312", "size": "10.3 oz box"},
{"thumb": "http://i4.peapod.com/c/KK/KKNHZ.gif", "price": "439", "unit_price": "$.40/ oz", "name": "Cascadian Farm Kids Cereal Fruitful O's Organic", "cnid": "2708202026202038140", "productId": "162016", "size": "11 oz box"},
{"thumb": "http://i4.peapod.com/c/KK/KKNHZ.gif", "price": "449", "unit_price": "$.28/ oz", "name": "General Mills Basic Four Cereal", "cnid": "2708202026202038140", "productId": "1164", "size": "16 oz box"},
{"thumb": "http://i4.peapod.com/c/KK/KKNHZ.gif", "price": "459", "unit_price": "$.27/ oz", "name": "General Mills Cereal Raisin Nut Bran", "cnid": "2708202026202038140", "productId": "1174", "size": "17.1 oz box"},
{"thumb": "http://i4.peapod.com/c/KK/KKNHZ.gif", "price": "100", "unit_price": "$.77/ oz", "name": "General Mills Cheerios Cereal", "cnid": "2708202026202038140", "productId": "158515", "size": "1.3 oz box"},
{"thumb": "http://i4.peapod.com/c/KK/KKNHZ.gif", "price": "459", "unit_price": "$.25/ oz", "name": "General Mills Cheerios Cereal", "cnid": "2708202026202038140", "productId": "1181", "size": "18 oz box"},
{"thumb": "http://i4.peapod.com/c/KK/KKNHZ.gif", "price": "399", "unit_price": "$.28/ oz", "name": "General Mills Cheerios Cereal", "cnid": "2708202026202038140", "productId": "1180", "size": "14 oz box"},
{"thumb": "http://i4.peapod.com/c/KK/KKNHZ.gif", "price": "379", "unit_price": "$.29/ oz", "name": "General Mills Cheerios Cereal Apple Cinnamon", "cnid": "2708202026202038140", "productId": "1158", "size": "12.9 oz box"},
{"thumb": "http://i4.peapod.com/c/KK/KKNHZ.gif", "price": "425", "unit_price": "$.24/ oz", "name": "General Mills Cheerios Cereal Apple Cinnamon", "cnid": "2708202026202038140", "productId": "1159", "size": "18 oz box"},
{"thumb": "http://i4.peapod.com/c/KK/KKNHZ.gif", "price": "279", "unit_price": "$.26/ oz", "name": "General Mills Cheerios Cereal Banana Nut", "cnid": "2708202026202038140", "productId": "153955", "size": "10.9 oz box"},
{"thumb": "http://i4.peapod.com/c/KK/KKNHZ.gif", "price": "379", "unit_price": "$.34/ oz", "name": "General Mills Cheerios Cereal Chocolate", "cnid": "2708202026202038140", "productId": "158012", "size": "11.2 oz box"},
{"thumb": "http://i4.peapod.com/c/KK/KKNHZ.gif", "price": "279", "unit_price": "$.23/ oz", "name": "General Mills Cheerios Cereal Fruity", "cnid": "2708202026202038140", "productId": "141907", "size": "12 oz box"},
{"thumb": "http://i4.peapod.com/c/KK/KKNHZ.gif", "price": "100", "unit_price": "$.56/ oz", "name": "General Mills Cheerios Cereal Honey Nut", "cnid": "2708202026202038140", "productId": "158517", "size": "1.8 oz cup"},
{"thumb": "http://i4.peapod.com/c/KK/KKNHZ.gif", "price": "499", "unit_price": "$.29/ oz", "name": "General Mills Cheerios Cereal Honey Nut", "cnid": "2708202026202038140", "productId": "1182", "size": "17 oz box"},
{"thumb": "http://i4.peapod.com/c/KK/KKNHZ.gif", "price": "499", "unit_price": "$.31/ oz", "name": "General Mills Cheerios Cereal Multigrain", "cnid": "2708202026202038140", "productId": "154917", "size": "16.2 oz box"},
{"thumb": "http://i4.peapod.com/c/KK/KKNHZ.gif", "price": "399", "unit_price": "$.31/ oz", "name": "General Mills Cheerios Cereal Multigrain", "cnid": "2708202026202038140", "productId": "13426", "size": "12.8 oz box"},
{"thumb": "http://i4.peapod.com/c/KK/KKNHZ.gif", "price": "379", "unit_price": "$.34/ oz", "name": "General Mills Cheerios Cereal Multigrain Peanut Butter", "cnid": "2708202026202038140", "productId": "175127", "size": "11.3 oz box"},
{"thumb": "http://i4.peapod.com/c/KK/KKNHZ.gif", "price": "399", "unit_price": "$.29/ oz", "name": "General Mills Chex Cereal Apple Cinnamon Gluten Free", "cnid": "2708202026202038140", "productId": "186909", "size": "13.7 oz box"},
{"thumb": "http://i4.peapod.com/c/KK/KKNHZ.gif", "price": "399", "unit_price": "$.30/ oz", "name": "General Mills Chex Cereal Cinnamon", "cnid": "2708202026202038140", "productId": "158535", "size": "13.5 oz box"},
{"thumb": "http://i4.peapod.com/c/KK/KKNHZ.gif", "price": "399", "unit_price": "$.28/ oz", "name": "General Mills Chex Cereal Corn", "cnid": "2708202026202038140", "productId": "1317", "size": "14 oz box"},
{"thumb": "http://i4.peapod.com/c/KK/KKNHZ.gif", "price": "399", "unit_price": "$.29/ oz", "name": "General Mills Chex Cereal Honey Nut", "cnid": "2708202026202038140", "productId": "109165", "size": "13.8 oz box"},
{"thumb": "http://i4.peapod.com/c/KK/KKNHZ.gif", "price": "399", "unit_price": "$.31/ oz", "name": "General Mills Chex Cereal Rice", "cnid": "2708202026202038140", "productId": "1313", "size": "12.8 oz box"},
{"thumb": "http://i4.peapod.com/c/KK/KKNHZ.gif", "price": "399", "unit_price": "$.28/ oz", "name": "General Mills Chex Cereal Wheat", "cnid": "2708202026202038140", "productId": "1311", "size": "14 oz box"},
{"thumb": "http://i4.peapod.com/c/KK/KKNHZ.gif", "price": "459", "unit_price": "$.28/ oz", "name": "General Mills Cinnamon Toast Crunch Cereal", "cnid": "2708202026202038140", "productId": "17675", "size": "16.2 oz box"},
{"thumb": "http://i4.peapod.com/c/KK/KKNHZ.gif", "price": "499", "unit_price": "$.25/ oz", "name": "General Mills Cinnamon Toast Crunch Cereal", "cnid": "2708202026202038140", "productId": "128334", "size": "20.2 oz box"},
{"thumb": "http://i4.peapod.com/c/KK/KKNHZ.gif", "price": "379", "unit_price": "$.31/ oz", "name": "General Mills Cinnamon Toast Crunch Cereal", "cnid": "2708202026202038140", "productId": "1168", "size": "12.2 oz box"},
{"thumb": "http://i4.peapod.com/c/KK/KKNHZ.gif", "price": "369", "unit_price": "$.31/ oz", "name": "General Mills Cocoa Puffs Cereal", "cnid": "2708202026202038140", "productId": "1189", "size": "11.8 oz box"},
{"thumb": "http://i4.peapod.com/c/KK/KKNHZ.gif", "price": "459", "unit_price": "$.28/ oz", "name": "General Mills Cocoa Puffs Cereal", "cnid": "2708202026202038140", "productId": "26854", "size": "16.5 oz box"},
{"thumb": "http://i4.peapod.com/c/KK/KKNHZ.gif", "price": "419", "unit_price": "$.37/ oz", "name": "General Mills Cookie Crisp Cereal Chocolate Chip", "cnid": "2708202026202038140", "productId": "1315", "size": "11.2 oz box"},
{"thumb": "http://i4.peapod.com/c/KK/KKNHZ.gif", "price": "439", "unit_price": "$.27/ oz", "name": "General Mills Fiber One Cereal Bran", "cnid": "2708202026202038140", "productId": "19156", "size": "16.2 oz box"},
{"thumb": "http://i4.peapod.com/c/KK/KKNHZ.gif", "price": "439", "unit_price": "$.31/ oz", "name": "General Mills Fiber One Cereal Honey Clusters", "cnid": "2708202026202038140", "productId": "136579", "size": "14.2 oz box"},
{"thumb": "http://i4.peapod.com/c/KK/KKNHZ.gif", "price": "439", "unit_price": "$.25/ oz", "name": "General Mills Fiber One Cereal Raisin Bran Clusters", "cnid": "2708202026202038140", "productId": "145337", "size": "17.2 oz box"},
{"thumb": "http://i4.peapod.com/c/KK/KKNHZ.gif", "price": "449", "unit_price": "$.28/ oz", "name": "General Mills Golden Grahams Cereal", "cnid": "2708202026202038140", "productId": "1188", "size": "16 oz box"},
{"thumb": "http://i4.peapod.com/c/KK/KKNHZ.gif", "price": "439", "unit_price": "$.37/ oz", "name": "General Mills Kix Cereal", "cnid": "2708202026202038140", "productId": "24443", "size": "12 oz box"},
{"thumb": "http://i4.peapod.com/c/KK/KKNHZ.gif", "price": "499", "unit_price": "$.28/ oz", "name": "General Mills Kix Cereal", "cnid": "2708202026202038140", "productId": "51165", "size": "18 oz box"},
{"thumb": "http://i4.peapod.com/c/KK/KKNHZ.gif", "price": "549", "unit_price": "$.27/ oz", "name": "General Mills Lucky Charms Cereal", "cnid": "2708202026202038140", "productId": "128335", "size": "20.5 oz box"},
{"thumb": "http://i4.peapod.com/c/KK/KKNHZ.gif", "price": "399", "unit_price": "$.35/ oz", "name": "General Mills Lucky Charms Cereal", "cnid": "2708202026202038140", "productId": "1193", "size": "11.5 oz box"},
{"thumb": "http://i4.peapod.com/c/KK/KKNHZ.gif", "price": "449", "unit_price": "$.25/ oz", "name": "General Mills Oatmeal Crisp Cereal with Raisins", "cnid": "2708202026202038140", "productId": "67600", "size": "18 oz box"},
{"thumb": "http://i4.peapod.com/c/KK/KKNHZ.gif", "price": "369", "unit_price": "$.28/ oz", "name": "General Mills Reese's Cereal Peanut Butter Puffs", "cnid": "2708202026202038140", "productId": "38144", "size": "13 oz box"},
{"thumb": "http://i4.peapod.com/c/KK/KKNHZ.gif", "price": "449", "unit_price": "$.25/ oz", "name": "General Mills Total Cereal Raisin Bran", "cnid": "2708202026202038140", "productId": "67601", "size": "18.2 oz box"},
{"thumb": "http://i4.peapod.com/c/KK/KKNHZ.gif", "price": "419", "unit_price": "$.28/ oz", "name": "General Mills Trix Cereal", "cnid": "2708202026202038140", "productId": "1186", "size": "14.8 oz box"},
{"thumb": "http://i4.peapod.com/c/KK/KKNHZ.gif", "price": "499", "unit_price": "$.32/ oz", "name": "General Mills Wheaties Cereal", "cnid": "2708202026202038140", "productId": "1176", "size": "15.6 oz box"},
{"thumb": "http://i4.peapod.com/c/KK/KKNHZ.gif", "price": "100", "unit_price": "$.12/ oz", "name": "Guaranteed Value Cereal Puffed Wheat Golden Honey", "cnid": "2708202026202038140", "productId": "163253", "size": "8 oz box"},
{"thumb": "http://i4.peapod.com/c/KK/KKNHZ.gif", "price": "279", "unit_price": "$.17/ oz", "name": "Hodgson Mill Hot Cereal Oat Bran All Natural", "cnid": "2708202026202038140", "productId": "16063", "size": "16 oz box"},
{"thumb": "http://i4.peapod.com/c/KK/KKNHZ.gif", "price": "249", "unit_price": "$.14/ oz", "name": "Hodgson Mill Oats Steel Cut 100% Whole Grain Premium All Natural", "cnid": "2708202026202038140", "productId": "163575", "size": "18 oz box"},
{"thumb": "http://i4.peapod.com/c/KK/KKNHZ.gif", "price": "449", "unit_price": "$.22/ oz", "name": "Kashi 7 Whole Grain Cereal Nuggets", "cnid": "2708202026202038140", "productId": "146108", "size": "20 oz box"},
{"thumb": "http://i4.peapod.com/c/KK/KKNHZ.gif", "price": "339", "unit_price": "$.52/ oz", "name": "Kashi 7 Whole Grain Cereal Puffs", "cnid": "2708202026202038140", "productId": "1470", "size": "6.5 oz box"},
{"thumb": "http://i4.peapod.com/c/KK/KKNHZ.gif", "price": "399", "unit_price": "$.31/ oz", "name": "Kashi GOLEAN Cereal", "cnid": "2708202026202038140", "productId": "116306", "size": "13.1 oz box"},
{"thumb": "http://i4.peapod.com/c/KK/KKNHZ.gif", "price": "459", "unit_price": "$.33/ oz", "name": "Kashi GOLEAN Cereal Crisp! Toasted Berry Crumble", "cnid": "2708202026202038140", "productId": "158020", "size": "14 oz box"},
{"thumb": "http://i4.peapod.com/c/KK/KKNHZ.gif", "price": "629", "unit_price": "$.29/ oz", "name": "Kashi GOLEAN Cereal Crunch!", "cnid": "2708202026202038140", "productId": "156328", "size": "21.3 oz box"},
{"thumb": "http://i4.peapod.com/c/KK/KKNHZ.gif", "price": "399", "unit_price": "$.29/ oz", "name": "Kashi GOLEAN Cereal Crunch!", "cnid": "2708202026202038140", "productId": "124938", "size": "13.8 oz box"},
{"thumb": "http://i4.peapod.com/c/KK/KKNHZ.gif", "price": "459", "unit_price": "$.33/ oz", "name": "Kashi GOLEAN Cereal Crunch! Honey Almond Flax", "cnid": "2708202026202038140", "productId": "145014", "size": "14 oz box"},
{"thumb": "http://i4.peapod.com/c/KK/KKNHZ.gif", "price": "449", "unit_price": "$.40/ oz", "name": "Kashi GOLEAN Instant Hot Cereal w/Clusters Honey & Cinnamon Natural - 8 ct", "cnid": "2708202026202038140", "productId": "139830", "size": "11.2 oz box"},
{"thumb": "http://i4.peapod.com/c/KK/KKNHZ.gif", "price": "399", "unit_price": "$.33/ oz", "name": "Kashi Heart to Heart Cereal Honey Toasted Oat", "cnid": "2708202026202038140", "productId": "127141", "size": "12 oz box"},
{"thumb": "http://i4.peapod.com/c/KK/KKNHZ.gif", "price": "449", "unit_price": "$.34/ oz", "name": "Kashi Heart to Heart Cereal Oat Flakes & Blueberry Clusters", "cnid": "2708202026202038140", "productId": "145015", "size": "13.4 oz box"},
{"thumb": "http://i4.peapod.com/c/KK/KKNHZ.gif", "price": "399", "unit_price": "$.33/ oz", "name": "Kashi Heart to Heart Instant Oatmeal Golden Maple - 8 ct", "cnid": "2708202026202038140", "productId": "136516", "size": "12.1 oz box"},
{"thumb": "http://i4.peapod.com/c/KK/KKNHZ.gif", "price": "333", "unit_price": "$.32/ oz", "name": "Kashi Strawberry Fields Cereal Organic", "cnid": "2708202026202038140", "productId": "132376", "size": "10.3 oz box"},
{"thumb": "http://i4.peapod.com/c/KK/KKNHZ.gif", "price": "399", "unit_price": "$.38/ oz", "name": "Kashi Whole Grain Cereal Squares Honey Sunshine", "cnid": "2708202026202038140", "productId": "151169", "size": "10.5 oz box"},
{"thumb": "http://i4.peapod.com/c/KK/KKNHZ.gif", "price": "333", "unit_price": "$.20/ oz", "name": "Kashi Whole Wheat Biscuits Cereal Autumn Wheat Organic", "cnid": "2708202026202038140", "productId": "134140", "size": "16.3 oz box"},
{"thumb": "http://i4.peapod.com/c/KK/KKNHZ.gif", "price": "333", "unit_price": "$.20/ oz", "name": "Kashi Whole Wheat Biscuits Cereal Cinnamon Harvest Organic", "cnid": "2708202026202038140", "productId": "139832", "size": "16.3 oz box"},
{"thumb": "http://i4.peapod.com/c/KK/KKNHZ.gif", "price": "499", "unit_price": "$.28/ oz", "name": "Kellogg's All-Bran Cereal Bran Buds", "cnid": "2708202026202038140", "productId": "16071", "size": "17.7 oz box"},
{"thumb": "http://i4.peapod.com/c/KK/KKNHZ.gif", "price": "449", "unit_price": "$.25/ oz", "name": "Kellogg's All-Bran Cereal Original", "cnid": "2708202026202038140", "productId": "3884", "size": "18.3 oz box"},
{"thumb": "http://i4.peapod.com/c/KK/KKNHZ.gif", "price": "479", "unit_price": "$.28/ oz", "name": "Kellogg's Apple Jacks Cereal", "cnid": "2708202026202038140", "productId": "44712", "size": "17 oz box"},
{"thumb": "http://i4.peapod.com/c/KK/KKNHZ.gif", "price": "359", "unit_price": "$.41/ oz", "name": "Kellogg's Apple Jacks Cereal", "cnid": "2708202026202038140", "productId": "155257", "size": "8.7 oz box"},
{"thumb": "http://i4.peapod.com/c/KK/KKNHZ.gif", "price": "349", "unit_price": "$.29/ oz", "name": "Kellogg's Corn Flakes Cereal", "cnid": "2708202026202038140", "productId": "3871", "size": "12 oz box"},
{"thumb": "http://i4.peapod.com/c/KK/KKNHZ.gif", "price": "499", "unit_price": "$.21/ oz", "name": "Kellogg's Corn Flakes Cereal", "cnid": "2708202026202038140", "productId": "3873", "size": "24 oz box"},
{"thumb": "http://i4.peapod.com/c/KK/KKNHZ.gif", "price": "499", "unit_price": "$.29/ oz", "name": "Kellogg's Corn Pops Cereal", "cnid": "2708202026202038140", "productId": "92683", "size": "17.2 oz box"},
{"thumb": "http://i4.peapod.com/c/KK/KKNHZ.gif", "price": "399", "unit_price": "$.43/ oz", "name": "Kellogg's Corn Pops Cereal", "cnid": "2708202026202038140", "productId": "13071", "size": "9.2 oz box"},
{"thumb": "http://i4.peapod.com/c/KK/KKNHZ.gif", "price": "529", "unit_price": "$.31/ oz", "name": "Kellogg's Cracklin Oat Bran Cereal", "cnid": "2708202026202038140", "productId": "3904", "size": "17 oz box"},
{"thumb": "http://i4.peapod.com/c/KK/KKNHZ.gif", "price": "399", "unit_price": "$.33/ oz", "name": "Kellogg's Crispix Cereal", "cnid": "2708202026202038140", "productId": "3897", "size": "12 oz box"},
{"thumb": "http://i4.peapod.com/c/KK/KKNHZ.gif", "price": "399", "unit_price": "$.28/ oz", "name": "Kellogg's Crunchy Nut Cereal Golden Honey Nut Flakes", "cnid": "2708202026202038140", "productId": "161797", "size": "14.1 oz box"},
{"thumb": "http://i4.peapod.com/c/KK/KKNHZ.gif", "price": "399", "unit_price": "$.37/ oz", "name": "Kellogg's Crunchy Nut Cereal Roasted Nut & Honey O's", "cnid": "2708202026202038140", "productId": "161796", "size": "10.8 oz box"},
{"thumb": "http://i4.peapod.com/c/KK/KKNHZ.gif", "price": "399", "unit_price": "$.33/ oz", "name": "Kellogg's Froot Loops Cereal", "cnid": "2708202026202038140", "productId": "3892", "size": "12.2 oz box"},
{"thumb": "http://i4.peapod.com/c/KK/KKNHZ.gif", "price": "499", "unit_price": "$.29/ oz", "name": "Kellogg's Froot Loops Cereal", "cnid": "2708202026202038140", "productId": "44711", "size": "17 oz box"},
{"thumb": "http://i4.peapod.com/c/KK/KKNHZ.gif", "price": "379", "unit_price": "$.44/ oz", "name": "Kellogg's Froot Loops Cereal", "cnid": "2708202026202038140", "productId": "155254", "size": "8.7 oz box"},
{"thumb": "http://i4.peapod.com/c/KK/KKNHZ.gif", "price": "529", "unit_price": "$.28/ oz", "name": "Kellogg's Frosted Flakes Cereal", "cnid": "2708202026202038140", "productId": "3888", "size": "19 oz box"},
{"thumb": "http://i4.peapod.com/c/KK/KKNHZ.gif", "price": "399", "unit_price": "$.38/ oz", "name": "Kellogg's Frosted Flakes Cereal", "cnid": "2708202026202038140", "productId": "3886", "size": "10.5 oz box"},
{"thumb": "http://i4.peapod.com/c/KK/KKNHZ.gif", "price": "429", "unit_price": "$.28/ oz", "name": "Kellogg's Honey Smacks Cereal", "cnid": "2708202026202038140", "productId": "3883", "size": "15.3 oz box"},
{"thumb": "http://i4.peapod.com/c/KK/KKNHZ.gif", "price": "399", "unit_price": "$.35/ oz", "name": "Kellogg's Krave Cereal Multigrain Chocolate", "cnid": "2708202026202038140", "productId": "178267", "size": "11.4 oz box"},
{"thumb": "http://i4.peapod.com/c/KK/KKNHZ.gif", "price": "379", "unit_price": "$.33/ oz", "name": "Kellogg's Krave Cereal Multigrain Double Chocolate", "cnid": "2708202026202038140", "productId": "178268", "size": "11.4 oz box"},
{"thumb": "http://i4.peapod.com/c/KK/KKNHZ.gif", "price": "429", "unit_price": "$.24/ oz", "name": "Kellogg's Mini Wheats Cereal Frosted Bite Size", "cnid": "2708202026202038140", "productId": "3905", "size": "18 oz box"},
{"thumb": "http://i4.peapod.com/c/KK/KKNHZ.gif", "price": "469", "unit_price": "$.19/ oz", "name": "Kellogg's Mini Wheats Cereal Frosted Bite Size", "cnid": "2708202026202038140", "productId": "3906", "size": "24 oz box"},
{"thumb": "http://i4.peapod.com/c/KK/KKNHZ.gif", "price": "429", "unit_price": "$.28/ oz", "name": "Kellogg's Mini Wheats Cereal Frosted Chocolate Little Bites", "cnid": "2708202026202038140", "productId": "153260", "size": "15.2 oz box"},
{"thumb": "http://i4.peapod.com/c/KK/KKNHZ.gif", "price": "429", "unit_price": "$.28/ oz", "name": "Kellogg's Mini Wheats Cereal Frosted Maple & Brown Sugar", "cnid": "2708202026202038140", "productId": "138484", "size": "15.5 oz box"},
{"thumb": "http://i4.peapod.com/c/KK/KKNHZ.gif", "price": "399", "unit_price": "$.26/ oz", "name": "Kellogg's Mini Wheats Cereal Frosted Strawberry Delight", "cnid": "2708202026202038140", "productId": "139981", "size": "15.5 oz box"},
{"thumb": "http://i4.peapod.com/c/KK/KKNHZ.gif", "price": "429", "unit_price": "$.29/ oz", "name": "Kellogg's Mini Wheats Cereal Frosted Touch of Fruit in Middle Mixed Berry", "cnid": "2708202026202038140", "productId": "161795", "size": "15 oz box"},
{"thumb": "http://i4.peapod.com/c/KK/KKNHZ.gif", "price": "479", "unit_price": "$.40/ oz", "name": "Kellogg's Product 19 Cereal", "cnid": "2708202026202038140", "productId": "3893", "size": "12 oz box"},
{"thumb": "http://i4.peapod.com/c/KK/KKNHZ.gif", "price": "399", "unit_price": "$.21/ oz", "name": "Kellogg's Raisin Bran Cereal", "cnid": "2708202026202038140", "productId": "3879", "size": "18.7 oz box"},
{"thumb": "http://i4.peapod.com/c/KK/KKNHZ.gif", "price": "369", "unit_price": "$.27/ oz", "name": "Kellogg's Raisin Bran Cereal", "cnid": "2708202026202038140", "productId": "27303", "size": "13.7 oz box"},
{"thumb": "http://i4.peapod.com/c/KK/KKNHZ.gif", "price": "449", "unit_price": "$.19/ oz", "name": "Kellogg's Raisin Bran Cereal Value Size", "cnid": "2708202026202038140", "productId": "3880", "size": "23.5 oz box"},
{"thumb": "http://i4.peapod.com/c/KK/KKNHZ.gif", "price": "449", "unit_price": "$.25/ oz", "name": "Kellogg's Raisin Bran Crunch Cereal", "cnid": "2708202026202038140", "productId": "102852", "size": "18.2 oz box"},
{"thumb": "http://i4.peapod.com/c/KK/KKNHZ.gif", "price": "399", "unit_price": "$.44/ oz", "name": "Kellogg's Rice Krispies Cereal", "cnid": "2708202026202038140", "productId": "3875", "size": "9 oz box"},
{"thumb": "http://i4.peapod.com/c/KK/KKNHZ.gif", "price": "499", "unit_price": "$.28/ oz", "name": "Kellogg's Rice Krispies Cereal", "cnid": "2708202026202038140", "productId": "3877", "size": "18 oz box"},
{"thumb": "http://i4.peapod.com/c/KK/KKNHZ.gif", "price": "449", "unit_price": "$.37/ oz", "name": "Kellogg's Rice Krispies Cereal", "cnid": "2708202026202038140", "productId": "3876", "size": "12 oz box"},
{"thumb": "http://i4.peapod.com/c/KK/KKNHZ.gif", "price": "449", "unit_price": "$.29/ oz", "name": "Kellogg's Rice Krispies Cereal Cocoa", "cnid": "2708202026202038140", "productId": "3882", "size": "15.5 oz box"},
{"thumb": "http://i4.peapod.com/c/KK/KKNHZ.gif", "price": "449", "unit_price": "$.26/ oz", "name": "Kellogg's Smart Start Cereal with Antioxidants", "cnid": "2708202026202038140", "productId": "119411", "size": "17.5 oz box"},
{"thumb": "http://i4.peapod.com/c/KK/KKNHZ.gif", "price": "399", "unit_price": "$.33/ oz", "name": "Kellogg's Special K Cereal", "cnid": "2708202026202038140", "productId": "3889", "size": "12 oz box"},
{"thumb": "http://i4.peapod.com/c/KK/KKNHZ.gif", "price": "499", "unit_price": "$.28/ oz", "name": "Kellogg's Special K Cereal", "cnid": "2708202026202038140", "productId": "3890", "size": "18 oz box"},
{"thumb": "http://i4.peapod.com/c/KK/KKNHZ.gif", "price": "399", "unit_price": "$.35/ oz", "name": "Kellogg's Special K Cereal Blueberry", "cnid": "2708202026202038140", "productId": "153257", "size": "11.4 oz box"},
{"thumb": "http://i4.peapod.com/c/KK/KKNHZ.gif", "price": "399", "unit_price": "$.30/ oz", "name": "Kellogg's Special K Cereal Chocolatey Delight", "cnid": "2708202026202038140", "productId": "143929", "size": "13.4 oz box"},
{"thumb": "http://i4.peapod.com/c/KK/KKNHZ.gif", "price": "399", "unit_price": "$.32/ oz", "name": "Kellogg's Special K Cereal Cinnamon Pecan", "cnid": "2708202026202038140", "productId": "148134", "size": "12.5 oz box"},
{"thumb": "http://i4.peapod.com/c/KK/KKNHZ.gif", "price": "399", "unit_price": "$.30/ oz", "name": "Kellogg's Special K Cereal Low Carb Lifestyle Protein Plus", "cnid": "2708202026202038140", "productId": "135504", "size": "13.5 oz box"},
{"thumb": "http://i4.peapod.com/c/KK/KKNHZ.gif", "price": "499", "unit_price": "$.34/ oz", "name": "Kellogg's Special K Cereal Red Berries", "cnid": "2708202026202038140", "productId": "126395", "size": "14.7 oz box"},
{"thumb": "http://i4.peapod.com/c/KK/KKNHZ.gif", "price": "399", "unit_price": "$.32/ oz", "name": "Kellogg's Special K Cereal Vanilla Almond", "cnid": "2708202026202038140", "productId": "135503", "size": "12.4 oz box"},
{"thumb": "http://i4.peapod.com/c/KK/KKNHZ.gif", "price": "399", "unit_price": "$.31/ oz", "name": "Kellogg's Special K Cereal with Fruit 'N Yogurt", "cnid": "2708202026202038140", "productId": "141108", "size": "12.8 oz box"},
{"thumb": "http://i4.peapod.com/c/KK/KKNHZ.gif", "price": "399", "unit_price": "$.36/ oz", "name": "Kellogg's Special K Cereal with Red Berries", "cnid": "2708202026202038140", "productId": "123952", "size": "11.2 oz box"},
{"thumb": "http://i4.peapod.com/c/KK/KKNHZ.gif", "price": "499", "unit_price": "$.33/ oz", "name": "McCann's Instant Irish Oatmeal Maple & Brown Sugar - 10 ct", "cnid": "2708202026202038140", "productId": "146111", "size": "15.1 oz box"},
{"thumb": "http://i4.peapod.com/c/KK/KKNHZ.gif", "price": "979", "unit_price": "$.35/ oz", "name": "McCann's Irish Oatmeal Steel Cut", "cnid": "2708202026202038140", "productId": "64057", "size": "28 oz can"},
{"thumb": "http://i4.peapod.com/c/KK/KKNHZ.gif", "price": "499", "unit_price": "$.31/ oz", "name": "McCann's Quick Cooking Irish Oatmeal", "cnid": "2708202026202038140", "productId": "22645", "size": "16 oz box"},
{"thumb": "http://i4.peapod.com/c/KK/KKNHZ.gif", "price": "439", "unit_price": "$.16/ oz", "name": "Nabisco Cream of Wheat 1 Minute Cook Time", "cnid": "2708202026202038140", "productId": "652", "size": "28 oz box"},
{"thumb": "http://i4.peapod.com/c/KK/KKNHZ.gif", "price": "439", "unit_price": "$.16/ oz", "name": "Nabisco Cream of Wheat Quick", "cnid": "2708202026202038140", "productId": "651", "size": "28 oz box"},
{"thumb": "http://i4.peapod.com/c/KK/KKNHZ.gif", "price": "439", "unit_price": "$.37/ oz", "name": "Nabisco Instant Cream of Wheat Hot Cereal - 12 ct", "cnid": "2708202026202038140", "productId": "657", "size": "12 oz pkg"},
{"thumb": "http://i4.peapod.com/c/KK/KKNHZ.gif", "price": "439", "unit_price": "$.35/ oz", "name": "Nabisco Instant Cream of Wheat Hot Cereal Maple Brown Sugar - 10 ct", "cnid": "2708202026202038140", "productId": "154084", "size": "12.5 oz box"},
{"thumb": "http://i4.peapod.com/c/KK/KKNHZ.gif", "price": "439", "unit_price": "$.35/ oz", "name": "Nabisco Instant Cream of Wheat Whole Grain Hot Cereal Healthy Grain - 8 ct", "cnid": "2708202026202038140", "productId": "163227", "size": "12.7 oz box"},
{"thumb": "http://i4.peapod.com/c/KK/KKNHZ.gif", "price": "379", "unit_price": "$.36/ oz", "name": "Nature's Path EnviroKidz Cereal Panda Puffs Peanut Butter Organic", "cnid": "2708202026202038140", "productId": "146179", "size": "10.6 oz box"},
{"thumb": "http://i4.peapod.com/c/KK/KKNHZ.gif", "price": "300", "unit_price": "$.25/ oz", "name": "Nature's Promise Naturals Granola Banana Nut", "cnid": "2708202026202038140", "productId": "174922", "size": "12 oz pkg"},
{"thumb": "http://i4.peapod.com/c/KK/KKNHZ.gif", "price": "329", "unit_price": "$.33/ oz", "name": "Nature's Promise Organics Instant Oatmeal Apple Cinnamon - 8 ct", "cnid": "2708202026202038140", "productId": "157905", "size": "10 oz box"},
{"thumb": "http://i4.peapod.com/c/KK/KKNHZ.gif", "price": "329", "unit_price": "$.27/ oz", "name": "Nature's Promise Organics Instant Oatmeal Maple - 8 ct", "cnid": "2708202026202038140", "productId": "158031", "size": "12 oz box"},
{"thumb": "http://i4.peapod.com/c/KK/KKNHZ.gif", "price": "249", "unit_price": "$.14/ oz", "name": "Nature's Promise Organics Quick Oats Rolled", "cnid": "2708202026202038140", "productId": "157907", "size": "18 oz ctn"},
{"thumb": "http://i4.peapod.com/c/KK/KKNHZ.gif", "price": "399", "unit_price": "$.31/ oz", "name": "Newman's Own Cereal Sweet Enough Vanilla Almond", "cnid": "2708202026202038140", "productId": "157956", "size": "13 oz box"},
{"thumb": "http://i4.peapod.com/c/KK/KKNHZ.gif", "price": "319", "unit_price": "$.17/ oz", "name": "Old Wessex Ltd. Hot Cereal 5 Grain Whole Grain All Natural", "cnid": "2708202026202038140", "productId": "154905", "size": "18.5 oz can"},
{"thumb": "http://i4.peapod.com/c/KK/KKNHZ.gif", "price": "269", "unit_price": "$.14/ oz", "name": "Old Wessex Ltd. Oatmeal Irish Style Whole Grain All Natural", "cnid": "2708202026202038140", "productId": "120386", "size": "18.5 oz can"},
{"thumb": "http://i4.peapod.com/c/KK/KKNHZ.gif", "price": "399", "unit_price": "$.27/ oz", "name": "Post Cereal Shredded Wheat Original", "cnid": "2708202026202038140", "productId": "638", "size": "15 oz box"},
{"thumb": "http://i4.peapod.com/c/KK/KKNHZ.gif", "price": "399", "unit_price": "$.24/ oz", "name": "Post Cereal Shredded Wheat Original Spoon Size", "cnid": "2708202026202038140", "productId": "640", "size": "16.4 oz box"},
{"thumb": "http://i4.peapod.com/c/KK/KKNHZ.gif", "price": "399", "unit_price": "$.22/ oz", "name": "Post Cereal Shredded Wheat Wheat 'n Bran Spoon Size 100% Natural", "cnid": "2708202026202038140", "productId": "654", "size": "18 oz box"},
{"thumb": "http://i4.peapod.com/c/KK/KKNHZ.gif", "price": "349", "unit_price": "$.32/ oz", "name": "Post Cocoa Pebbles Cereal", "cnid": "2708202026202038140", "productId": "5939", "size": "11 oz box"},
{"thumb": "http://i4.peapod.com/c/KK/KKNHZ.gif", "price": "350", "unit_price": "$.23/ oz", "name": "Post Fruity Pebbles Cereal", "cnid": "2708202026202038140", "productId": "14460", "size": "15 oz box"},
{"thumb": "http://i4.peapod.com/c/KK/KKNHZ.gif", "price": "429", "unit_price": "$.18/ oz", "name": "Post Grape-Nuts Cereal 100% Natural", "cnid": "2708202026202038140", "productId": "5929", "size": "24 oz box"},
{"thumb": "http://i4.peapod.com/c/KK/KKNHZ.gif", "price": "350", "unit_price": "$.19/ oz", "name": "Post Honey Bunches of Oats Cereal Honey Roasted", "cnid": "2708202026202038140", "productId": "137238", "size": "18 oz box"},
{"thumb": "http://i4.peapod.com/c/KK/KKNHZ.gif", "price": "429", "unit_price": "$.30/ oz", "name": "Post Honey Bunches of Oats Cereal Honey Roasted", "cnid": "2708202026202038140", "productId": "14124", "size": "14.5 oz box"},
{"thumb": "http://i4.peapod.com/c/KK/KKNHZ.gif", "price": "429", "unit_price": "$.30/ oz", "name": "Post Honey Bunches of Oats Cereal with Almonds", "cnid": "2708202026202038140", "productId": "5932", "size": "14.5 oz box"},
{"thumb": "http://i4.peapod.com/c/KK/KKNHZ.gif", "price": "350", "unit_price": "$.19/ oz", "name": "Post Honey Bunches of Oats Cereal with Almonds", "cnid": "2708202026202038140", "productId": "137237", "size": "18 oz box"},
{"thumb": "http://i4.peapod.com/c/KK/KKNHZ.gif", "price": "429", "unit_price": "$.30/ oz", "name": "Post Honey Bunches of Oats Cereal with Cinnamon Bunches", "cnid": "2708202026202038140", "productId": "147170", "size": "14.5 oz box"},
{"thumb": "http://i4.peapod.com/c/KK/KKNHZ.gif", "price": "359", "unit_price": "$.29/ oz", "name": "Post Honeycomb Cereal", "cnid": "2708202026202038140", "productId": "5931", "size": "12.5 oz box"},
{"thumb": "http://i4.peapod.com/c/KK/KKNHZ.gif", "price": "350", "unit_price": "$.14/ oz", "name": "Post Raisin Bran Cereal", "cnid": "2708202026202038140", "productId": "22882", "size": "25 oz box"},
{"thumb": "http://i4.peapod.com/c/KK/KKNHZ.gif", "price": "399", "unit_price": "$.26/ oz", "name": "Post Selects Cereal Banana Nut Crunch", "cnid": "2708202026202038140", "productId": "18609", "size": "15.5 oz box"},
{"thumb": "http://i4.peapod.com/c/KK/KKNHZ.gif", "price": "399", "unit_price": "$.28/ oz", "name": "Post Selects Cereal Cranberry Almond Crunch", "cnid": "2708202026202038140", "productId": "50875", "size": "14 oz box"},
{"thumb": "http://i4.peapod.com/c/KK/KKNHZ.gif", "price": "399", "unit_price": "$.25/ oz", "name": "Post Selects Great Grains Cereal Crunchy Pecan", "cnid": "2708202026202038140", "productId": "33172", "size": "16 oz box"},
{"thumb": "http://i4.peapod.com/c/KK/KKNHZ.gif", "price": "399", "unit_price": "$.25/ oz", "name": "Post Selects Great Grains Cereal Raisins, Dates & Pecans", "cnid": "2708202026202038140", "productId": "33210", "size": "16 oz box"},
{"thumb": "http://i4.peapod.com/c/KK/KKNHZ.gif", "price": "300", "unit_price": "$.21/ oz", "name": "Quaker Cap'n Crunch Cereal", "cnid": "2708202026202038140", "productId": "2883", "size": "14 oz box"},
{"thumb": "http://i4.peapod.com/c/KK/KKNHZ.gif", "price": "300", "unit_price": "$.24/ oz", "name": "Quaker Cap'n Crunch Cereal Peanut Butter", "cnid": "2708202026202038140", "productId": "2881", "size": "12.5 oz box"},
{"thumb": "http://i4.peapod.com/c/KK/KKNHZ.gif", "price": "479", "unit_price": "$.33/ oz", "name": "Quaker Essentials Toasted Oatmeal Squares Cereal", "cnid": "2708202026202038140", "productId": "2880", "size": "14.5 oz box"},
{"thumb": "http://i4.peapod.com/c/KK/KKNHZ.gif", "price": "579", "unit_price": "$.21/ oz", "name": "Quaker Granola with Oats, Honey & Raisins 100% Natural", "cnid": "2708202026202038140", "productId": "2884", "size": "28 oz box"},
{"thumb": "http://i4.peapod.com/c/KK/KKNHZ.gif", "price": "299", "unit_price": "$.25/ oz", "name": "Quaker Instant Grits Original - 12 ct", "cnid": "2708202026202038140", "productId": "2851", "size": "12 oz box"},
{"thumb": "http://i4.peapod.com/c/KK/KKNHZ.gif", "price": "250", "unit_price": "$.17/ oz", "name": "Quaker Instant Oatmeal Apple & Cinnamon - 10 ct", "cnid": "2708202026202038140", "productId": "2824", "size": "15.1 oz box"},
{"thumb": "http://i4.peapod.com/c/KK/KKNHZ.gif", "price": "250", "unit_price": "$.20/ oz", "name": "Quaker Instant Oatmeal Crunch High Fiber Maple Brown Sugar - 8 ct", "cnid": "2708202026202038140", "productId": "154082", "size": "12.6 oz box"},
{"thumb": "http://i4.peapod.com/c/KK/KKNHZ.gif", "price": "250", "unit_price": "$.18/ oz", "name": "Quaker Instant Oatmeal Dinosaur Eggs Maple N Brown Sugar - 8 ct", "cnid": "2708202026202038140", "productId": "99847", "size": "14.1 oz box"},
{"thumb": "http://i4.peapod.com/c/KK/KKNHZ.gif", "price": "250", "unit_price": "$.20/ oz", "name": "Quaker Instant Oatmeal Fruit & Cream Variety - 10 ct", "cnid": "2708202026202038140", "productId": "2828", "size": "12.3 oz box"},
{"thumb": "http://i4.peapod.com/c/KK/KKNHZ.gif", "price": "250", "unit_price": "$.17/ oz", "name": "Quaker Instant Oatmeal Maple & Brown Sugar - 10 ct", "cnid": "2708202026202038140", "productId": "2819", "size": "15.1 oz pkg"},
{"thumb": "http://i4.peapod.com/c/KK/KKNHZ.gif", "price": "250", "unit_price": "$.21/ oz", "name": "Quaker Instant Oatmeal Maple & Brown Sugar Lower Sugar - 10 ct", "cnid": "2708202026202038140", "productId": "137284", "size": "11.9 oz box"},
{"thumb": "http://i4.peapod.com/c/KK/KKNHZ.gif", "price": "250", "unit_price": "$.22/ oz", "name": "Quaker Instant Oatmeal Maple & Brown Sugar Weight Control - 8 ct", "cnid": "2708202026202038140", "productId": "147169", "size": "11.5 oz box"},
{"thumb": "http://i4.peapod.com/c/KK/KKNHZ.gif", "price": "250", "unit_price": "$.19/ oz", "name": "Quaker Instant Oatmeal Raisin, Date & Walnut - 10 ct", "cnid": "2708202026202038140", "productId": "13072", "size": "13 oz pkg"},
{"thumb": "http://i4.peapod.com/c/KK/KKNHZ.gif", "price": "250", "unit_price": "$.17/ oz", "name": "Quaker Instant Oatmeal Raisins & Spice - 10 ct", "cnid": "2708202026202038140", "productId": "26988", "size": "15.1 oz box"},
{"thumb": "http://i4.peapod.com/c/KK/KKNHZ.gif", "price": "250", "unit_price": "$.21/ oz", "name": "Quaker Instant Oatmeal Regular - 12 ct", "cnid": "2708202026202038140", "productId": "2821", "size": "11.8 oz pkg"},
{"thumb": "http://i4.peapod.com/c/KK/KKNHZ.gif", "price": "250", "unit_price": "$.20/ oz", "name": "Quaker Instant Oatmeal Variety Pack Weight Control - 8 ct", "cnid": "2708202026202038140", "productId": "154083", "size": "12.6 oz box"},
{"thumb": "http://i4.peapod.com/c/KK/KKNHZ.gif", "price": "479", "unit_price": "$.27/ oz", "name": "Quaker Life Cereal Original Multigrain", "cnid": "2708202026202038140", "productId": "2876", "size": "18 oz box"},
{"thumb": "http://i4.peapod.com/c/KK/KKNHZ.gif", "price": "250", "unit_price": "$.14/ oz", "name": "Quaker Oats Rolled Old Fashioned", "cnid": "2708202026202038140", "productId": "2816", "size": "18 oz can"},
{"thumb": "http://i4.peapod.com/c/KK/KKNHZ.gif", "price": "499", "unit_price": "$.12/ oz", "name": "Quaker Oats Rolled Old Fashioned", "cnid": "2708202026202038140", "productId": "2817", "size": "42 oz can"},
{"thumb": "http://i4.peapod.com/c/KK/KKNHZ.gif", "price": "499", "unit_price": "$.21/ oz", "name": "Quaker Oats Steel Cut", "cnid": "2708202026202038140", "productId": "146170", "size": "24 oz can"},
{"thumb": "http://i4.peapod.com/c/KK/KKNHZ.gif", "price": "499", "unit_price": "$.12/ oz", "name": "Quaker Quick 1-Minute Oats Rolled", "cnid": "2708202026202038140", "productId": "2820", "size": "42 oz can"},
{"thumb": "http://i4.peapod.com/c/KK/KKNHZ.gif", "price": "250", "unit_price": "$.14/ oz", "name": "Quaker Quick 1-Minute Oats Rolled", "cnid": "2708202026202038140", "productId": "2818", "size": "18 oz can"},
{"thumb": "http://i4.peapod.com/c/KK/KKNHZ.gif", "price": "249", "unit_price": "$.10/ oz", "name": "Quaker Quick Grits", "cnid": "2708202026202038140", "productId": "2842", "size": "24 oz can"},
{"thumb": "http://i4.peapod.com/c/KK/KKNHZ.gif", "price": "150", "unit_price": "$.58/ oz", "name": "Quaker Real Medleys Oatmeal + Cherry Pistachio", "cnid": "2708202026202038140", "productId": "177962", "size": "2.57 oz cup"},
{"thumb": "http://i4.peapod.com/c/KK/KKNHZ.gif", "price": "299", "unit_price": "$.25/ oz", "name": "Stop & Shop Be Well Cereal Berry", "cnid": "2708202026202038140", "productId": "183628", "size": "12 oz box"},
{"thumb": "http://i4.peapod.com/c/KK/KKNHZ.gif", "price": "299", "unit_price": "$.17/ oz", "name": "Stop & Shop Cereal Bran Flakes", "cnid": "2708202026202038140", "productId": "57797", "size": "17.3 oz box"},
{"thumb": "http://i4.peapod.com/c/KK/KKNHZ.gif", "price": "250", "unit_price": "$.21/ oz", "name": "Stop & Shop Cereal Crispy Rice", "cnid": "2708202026202038140", "productId": "158637", "size": "12 oz box"},
{"thumb": "http://i4.peapod.com/c/KK/KKNHZ.gif", "price": "169", "unit_price": "$.28/ oz", "name": "Stop & Shop Cereal Puffed Rice", "cnid": "2708202026202038140", "productId": "174917", "size": "6 oz box"},
{"thumb": "http://i4.peapod.com/c/KK/KKNHZ.gif", "price": "169", "unit_price": "$.28/ oz", "name": "Stop & Shop Cereal Puffed Wheat", "cnid": "2708202026202038140", "productId": "161966", "size": "6 oz box"},
{"thumb": "http://i4.peapod.com/c/KK/KKNHZ.gif", "price": "299", "unit_price": "$.15/ oz", "name": "Stop & Shop Cereal Raisin Bran", "cnid": "2708202026202038140", "productId": "158001", "size": "20 oz box"},
{"thumb": "http://i4.peapod.com/c/KK/KKNHZ.gif", "price": "299", "unit_price": "$.18/ oz", "name": "Stop & Shop Cereal Shredded Wheat Bite Size 100% Natural", "cnid": "2708202026202038140", "productId": "161954", "size": "16.4 oz box"},
{"thumb": "http://i4.peapod.com/c/KK/KKNHZ.gif", "price": "299", "unit_price": "$.17/ oz", "name": "Stop & Shop Cereal Shredded Wheat Frosted Bite Size", "cnid": "2708202026202038140", "productId": "128390", "size": "18 oz box"},
{"thumb": "http://i4.peapod.com/c/KK/KKNHZ.gif", "price": "339", "unit_price": "$.21/ oz", "name": "Stop & Shop Fiber Select Cereal Bran", "cnid": "2708202026202038140", "productId": "158291", "size": "16 oz box"},
{"thumb": "http://i4.peapod.com/c/KK/KKNHZ.gif", "price": "299", "unit_price": "$.19/ oz", "name": "Stop & Shop Granola Oats, Honey & Raisins", "cnid": "2708202026202038140", "productId": "57810", "size": "16 oz box"},
{"thumb": "http://i4.peapod.com/c/KK/KKNHZ.gif", "price": "299", "unit_price": "$.19/ oz", "name": "Stop & Shop Granola Oats & Honey", "cnid": "2708202026202038140", "productId": "57811", "size": "16 oz box"},
{"thumb": "http://i4.peapod.com/c/KK/KKNHZ.gif", "price": "359", "unit_price": "$.29/ oz", "name": "Stop & Shop Instant Cream Farina Maple Brown Sugar - 10 ct", "cnid": "2708202026202038140", "productId": "155702", "size": "12.3 oz box"},
{"thumb": "http://i4.peapod.com/c/KK/KKNHZ.gif", "price": "359", "unit_price": "$.30/ oz", "name": "Stop & Shop Instant Cream Farina Original Flavor - 12 ct", "cnid": "2708202026202038140", "productId": "155701", "size": "11.8 oz box"},
{"thumb": "http://i4.peapod.com/c/KK/KKNHZ.gif", "price": "299", "unit_price": "$.24/ oz", "name": "Stop & Shop Instant Oatmeal Apple Cinnamon - 10 ct", "cnid": "2708202026202038140", "productId": "57641", "size": "12.3 oz box"},
{"thumb": "http://i4.peapod.com/c/KK/KKNHZ.gif", "price": "299", "unit_price": "$.24/ oz", "name": "Stop & Shop Instant Oatmeal Fruit & Cream Variety Pack - 10 ct", "cnid": "2708202026202038140", "productId": "79158", "size": "12.3 oz box"},
{"thumb": "http://i4.peapod.com/c/KK/KKNHZ.gif", "price": "299", "unit_price": "$.20/ oz", "name": "Stop & Shop Instant Oatmeal Honey Nut - 10 ct", "cnid": "2708202026202038140", "productId": "158640", "size": "15.1 oz box"},
{"thumb": "http://i4.peapod.com/c/KK/KKNHZ.gif", "price": "299", "unit_price": "$.20/ oz", "name": "Stop & Shop Instant Oatmeal Maple Brown Sugar - 10 ct", "cnid": "2708202026202038140", "productId": "57812", "size": "15.1 oz box"},
{"thumb": "http://i4.peapod.com/c/KK/KKNHZ.gif", "price": "299", "unit_price": "$.25/ oz", "name": "Stop & Shop Instant Oatmeal Original Flavor - 12 ct", "cnid": "2708202026202038140", "productId": "57814", "size": "11.8 oz box"},
{"thumb": "http://i4.peapod.com/c/KK/KKNHZ.gif", "price": "299", "unit_price": "$.23/ oz", "name": "Stop & Shop Instant Oatmeal Raisin, Date & Walnut - 10 ct", "cnid": "2708202026202038140", "productId": "158638", "size": "13 oz box"},
{"thumb": "http://i4.peapod.com/c/KK/KKNHZ.gif", "price": "299", "unit_price": "$.20/ oz", "name": "Stop & Shop Instant Oatmeal Raisin Spice - 10 ct", "cnid": "2708202026202038140", "productId": "158639", "size": "15.1 oz box"},
{"thumb": "http://i4.peapod.com/c/KK/KKNHZ.gif", "price": "299", "unit_price": "$.24/ oz", "name": "Stop & Shop Oats & O's Cereal Honey Nut", "cnid": "2708202026202038140", "productId": "57805", "size": "12.5 oz box"},
{"thumb": "http://i4.peapod.com/c/KK/KKNHZ.gif", "price": "299", "unit_price": "$.21/ oz", "name": "Stop & Shop Oats & O's Cereal Toasted Whole Grain Oat", "cnid": "2708202026202038140", "productId": "63052", "size": "14 oz box"},
{"thumb": "http://i4.peapod.com/c/KK/KKNHZ.gif", "price": "399", "unit_price": "$.09/ oz", "name": "Stop & Shop Oats Rolled Old Fashioned", "cnid": "2708202026202038140", "productId": "118806", "size": "42 oz pkg"},
{"thumb": "http://i4.peapod.com/c/KK/KKNHZ.gif", "price": "399", "unit_price": "$.09/ oz", "name": "Stop & Shop Quick Oats Microwaveable 100% Natural", "cnid": "2708202026202038140", "productId": "57815", "size": "42 oz can"},
{"thumb": "http://i4.peapod.com/c/KK/KKNHZ.gif", "price": "279", "unit_price": "$.15/ oz", "name": "Stop & Shop Raisin Bran Cereal Crunchy Granola", "cnid": "2708202026202038140", "productId": "190229", "size": "18.2 oz box"},
{"thumb": "http://i4.peapod.com/c/KK/KKNHZ.gif", "price": "379", "unit_price": "$.26/ oz", "name": "Amy's Soups Chunky Vegetable Fat Free Organic", "cnid": "2744", "productId": "154768", "size": "14.3 oz can"},
{"thumb": "http://i4.peapod.com/c/KK/KKNHZ.gif", "price": "289", "unit_price": "$.20/ oz", "name": "Amy's Soups Lentil Vegetable Light in Sodium Organic", "cnid": "2744", "productId": "156545", "size": "14.5 oz can"},
{"thumb": "http://i4.peapod.com/c/KK/KKNHZ.gif", "price": "289", "unit_price": "$.20/ oz", "name": "Amy's Soups Split Pea Low Fat Organic", "cnid": "2744", "productId": "156119", "size": "14.1 oz can"},
{"thumb": "http://i4.peapod.com/c/KK/KKNHZ.gif", "price": "399", "unit_price": "$.41/ oz", "name": "Bear Creek Chili Mix Darn Good", "cnid": "2744", "productId": "160153", "size": "9.8 oz bag"},
{"thumb": "http://i4.peapod.com/c/KK/KKNHZ.gif", "price": "399", "unit_price": "$.43/ oz", "name": "Bear Creek Soup Mix Chicken Noodle", "cnid": "2744", "productId": "160150", "size": "9.3 oz bag"},
{"thumb": "http://i4.peapod.com/c/KK/KKNHZ.gif", "price": "399", "unit_price": "$.43/ oz", "name": "Bear Creek Soup Mix Minestrone", "cnid": "2744", "productId": "160149", "size": "9.3 oz bag"},
{"thumb": "http://i4.peapod.com/c/KK/KKNHZ.gif", "price": "599", "unit_price": "$.25/ oz", "name": "Bertolli Meal Soup Meal for 2 Tomato Florentine & Tortellini with Chicken", "cnid": "2744", "productId": "167375", "size": "24 oz pkg"},
{"thumb": "http://i4.peapod.com/c/KK/KKNHZ.gif", "price": "250", "unit_price": "$.13/ oz", "name": "Campbell's 100% Natural Healthy Request Soup Chicken w/Whole Grain Pasta", "cnid": "2744", "productId": "156066", "size": "18.6 oz can"},
{"thumb": "http://i4.peapod.com/c/KK/KKNHZ.gif", "price": "250", "unit_price": "$.13/ oz", "name": "Campbell's 100% Natural Healthy Request Soup Italian-Style Wedding", "cnid": "2744", "productId": "142254", "size": "18.6 oz can"},
{"thumb": "http://i4.peapod.com/c/KK/KKNHZ.gif", "price": "250", "unit_price": "$.13/ oz", "name": "Campbell's 100% Natural Healthy Request Soup Savory Chicken & Brown Rice", "cnid": "2744", "productId": "142255", "size": "18.6 oz can"},
{"thumb": "http://i4.peapod.com/c/KK/KKNHZ.gif", "price": "250", "unit_price": "$.13/ oz", "name": "Campbell's 100% Natural Soup Butternut Squash Bisque", "cnid": "2744", "productId": "188885", "size": "18.8 oz can"},
{"thumb": "http://i4.peapod.com/c/KK/KKNHZ.gif", "price": "250", "unit_price": "$.13/ oz", "name": "Campbell's 100% Natural Soup Chicken with Egg Noodles", "cnid": "2744", "productId": "7118", "size": "18.6 oz can"},
{"thumb": "http://i4.peapod.com/c/KK/KKNHZ.gif", "price": "250", "unit_price": "$.13/ oz", "name": "Campbell's 100% Natural Soup Creamy Gouda Bisque with Chicken", "cnid": "2744", "productId": "188884", "size": "18.8 oz can"},
{"thumb": "http://i4.peapod.com/c/KK/KKNHZ.gif", "price": "250", "unit_price": "$.13/ oz", "name": "Campbell's 100% Natural Soup Harvest Tomato with Basil", "cnid": "2744", "productId": "156067", "size": "18.7 oz can"},
{"thumb": "http://i4.peapod.com/c/KK/KKNHZ.gif", "price": "250", "unit_price": "$.13/ oz", "name": "Campbell's 100% Natural Soup NewEngland Clam Chowder", "cnid": "2744", "productId": "15229", "size": "18.8 oz can"},
{"thumb": "http://i4.peapod.com/c/KK/KKNHZ.gif", "price": "150", "unit_price": "$.08/ oz", "name": "Campbell's Chunky Healthy Request Soup Chicken Corn Chowder", "cnid": "2744", "productId": "152434", "size": "18.8 oz can"},
{"thumb": "http://i4.peapod.com/c/KK/KKNHZ.gif", "price": "150", "unit_price": "$.08/ oz", "name": "Campbell's Chunky Healthy Request Soup Chicken Noodle", "cnid": "2744", "productId": "142253", "size": "18.6 oz can"},
{"thumb": "http://i4.peapod.com/c/KK/KKNHZ.gif", "price": "150", "unit_price": "$.08/ oz", "name": "Campbell's Chunky Healthy Request Soup New England Clam Chowder", "cnid": "2744", "productId": "164323", "size": "18.8 oz can"},
{"thumb": "http://i4.peapod.com/c/KK/KKNHZ.gif", "price": "150", "unit_price": "$.08/ oz", "name": "Campbell's Chunky Healthy Request Soup Sirloin Burger w/ Chunky Vegetables", "cnid": "2744", "productId": "152433", "size": "18.8 oz can"},
{"thumb": "http://i4.peapod.com/c/KK/KKNHZ.gif", "price": "150", "unit_price": "$.08/ oz", "name": "Campbell's Chunky Soup Beef with Country Vegetables", "cnid": "2744", "productId": "7051", "size": "18.8 oz can"},
{"thumb": "http://i4.peapod.com/c/KK/KKNHZ.gif", "price": "150", "unit_price": "$.08/ oz", "name": "Campbell's Chunky Soup Chicken & Dumplings Creamy", "cnid": "2744", "productId": "126455", "size": "18.8 oz can"},
{"thumb": "http://i4.peapod.com/c/KK/KKNHZ.gif", "price": "150", "unit_price": "$.08/ oz", "name": "Campbell's Chunky Soup Chicken Corn Chowder", "cnid": "2744", "productId": "7181", "size": "18.8 oz can"},
{"thumb": "http://i4.peapod.com/c/KK/KKNHZ.gif", "price": "150", "unit_price": "$.08/ oz", "name": "Campbell's Chunky Soup Chipotle Chicken & Corn Chowder", "cnid": "2744", "productId": "188888", "size": "18.8 oz can"},
{"thumb": "http://i4.peapod.com/c/KK/KKNHZ.gif", "price": "299", "unit_price": "$.20/ oz", "name": "Campbell's Chunky Soup Classic Chicken Noodle", "cnid": "2744", "productId": "132068", "size": "15.2 oz bwl"},
{"thumb": "http://i4.peapod.com/c/KK/KKNHZ.gif", "price": "150", "unit_price": "$.08/ oz", "name": "Campbell's Chunky Soup Classic Chicken Noodle", "cnid": "2744", "productId": "18798", "size": "18.6 oz can"},
{"thumb": "http://i4.peapod.com/c/KK/KKNHZ.gif", "price": "150", "unit_price": "$.08/ oz", "name": "Campbell's Chunky Soup Grilled Chicken & Sausage Gumbo", "cnid": "2744", "productId": "132187", "size": "18.8 oz can"},
{"thumb": "http://i4.peapod.com/c/KK/KKNHZ.gif", "price": "150", "unit_price": "$.08/ oz", "name": "Campbell's Chunky Soup Hearty Beef Barley", "cnid": "2744", "productId": "135547", "size": "19 oz can"},
{"thumb": "http://i4.peapod.com/c/KK/KKNHZ.gif", "price": "150", "unit_price": "$.08/ oz", "name": "Campbell's Chunky Soup Italian-Style Wedding with Meatballs & Spinach", "cnid": "2744", "productId": "181122", "size": "18.8 oz can"},
{"thumb": "http://i4.peapod.com/c/KK/KKNHZ.gif", "price": "150", "unit_price": "$.08/ oz", "name": "Campbell's Chunky Soup Jammin' Jerk Chicken w/Rice & Beans", "cnid": "2744", "productId": "188886", "size": "18.8 oz can"},
{"thumb": "http://i4.peapod.com/c/KK/KKNHZ.gif", "price": "150", "unit_price": "$.08/ oz", "name": "Campbell's Chunky Soup Kickin' Buffalo-Style Chicken", "cnid": "2744", "productId": "188887", "size": "18.8 oz can"},
{"thumb": "http://i4.peapod.com/c/KK/KKNHZ.gif", "price": "299", "unit_price": "$.20/ oz", "name": "Campbell's Chunky Soup Kickin' Buffalo-Style Chicken", "cnid": "2744", "productId": "188889", "size": "15.2 oz bwl"},
{"thumb": "http://i4.peapod.com/c/KK/KKNHZ.gif", "price": "150", "unit_price": "$.08/ oz", "name": "Campbell's Chunky Soup New England Clam Chowder", "cnid": "2744", "productId": "7048", "size": "18.8 oz can"},
{"thumb": "http://i4.peapod.com/c/KK/KKNHZ.gif", "price": "299", "unit_price": "$.20/ oz", "name": "Campbell's Chunky Soup New England Clam Chowder", "cnid": "2744", "productId": "138976", "size": "15.2 oz bwl"},
{"thumb": "http://i4.peapod.com/c/KK/KKNHZ.gif", "price": "299", "unit_price": "$.20/ oz", "name": "Campbell's Chunky Soup Sirloin Burger with Country Vegetables", "cnid": "2744", "productId": "132071", "size": "15.2 oz bwl"},
{"thumb": "http://i4.peapod.com/c/KK/KKNHZ.gif", "price": "150", "unit_price": "$.08/ oz", "name": "Campbell's Chunky Soup Split Pea & Ham with Natural Smoke Flavor", "cnid": "2744", "productId": "7056", "size": "19 oz can"},
{"thumb": "http://i4.peapod.com/c/KK/KKNHZ.gif", "price": "150", "unit_price": "$.08/ oz", "name": "Campbell's Chunky Soup Steak & Potato", "cnid": "2744", "productId": "7058", "size": "18.8 oz can"},
{"thumb": "http://i4.peapod.com/c/KK/KKNHZ.gif", "price": "199", "unit_price": "$.19/ oz", "name": "Campbell's Condensed Healthy Request Soup Cheddar Cheese", "cnid": "2744", "productId": "191900", "size": "10.7 oz can"},
{"thumb": "http://i4.peapod.com/c/KK/KKNHZ.gif", "price": "199", "unit_price": "$.19/ oz", "name": "Campbell's Condensed Healthy Request Soup Chicken Noodle 98% Fat Free", "cnid": "2744", "productId": "7206", "size": "10.7 oz can"},
{"thumb": "http://i4.peapod.com/c/KK/KKNHZ.gif", "price": "199", "unit_price": "$.19/ oz", "name": "Campbell's Condensed Healthy Request Soup Cream of Chicken", "cnid": "2744", "productId": "7208", "size": "10.7 oz can"},
{"thumb": "http://i4.peapod.com/c/KK/KKNHZ.gif", "price": "199", "unit_price": "$.19/ oz", "name": "Campbell's Condensed Healthy Request Soup Cream of Mushroom", "cnid": "2744", "productId": "7209", "size": "10.7 oz can"},
{"thumb": "http://i4.peapod.com/c/KK/KKNHZ.gif", "price": "199", "unit_price": "$.19/ oz", "name": "Campbell's Condensed Healthy Request Soup Tomato 98% Fat Free", "cnid": "2744", "productId": "7205", "size": "10.7 oz can"},
{"thumb": "http://i4.peapod.com/c/KK/KKNHZ.gif", "price": "199", "unit_price": "$.17/ oz", "name": "Campbell's Condensed Soup Bean with Bacon", "cnid": "2744", "productId": "7101", "size": "11.5 oz can"},
{"thumb": "http://i4.peapod.com/c/KK/KKNHZ.gif", "price": "199", "unit_price": "$.19/ oz", "name": "Campbell's Condensed Soup Cheddar Cheese", "cnid": "2744", "productId": "7109", "size": "10.7 oz can"},
{"thumb": "http://i4.peapod.com/c/KK/KKNHZ.gif", "price": "109", "unit_price": "$.10/ oz", "name": "Campbell's Condensed Soup Chicken Noodle", "cnid": "2744", "productId": "7098", "size": "10.7 oz can"},
{"thumb": "http://i4.peapod.com/c/KK/KKNHZ.gif", "price": "199", "unit_price": "$.19/ oz", "name": "Campbell's Condensed Soup Chicken Noodle 25% Less Sodium", "cnid": "2744", "productId": "142250", "size": "10.7 oz can"},
{"thumb": "http://i4.peapod.com/c/KK/KKNHZ.gif", "price": "199", "unit_price": "$.19/ oz", "name": "Campbell's Condensed Soup Chicken with Rice", "cnid": "2744", "productId": "7080", "size": "10.5 oz can"},
{"thumb": "http://i4.peapod.com/c/KK/KKNHZ.gif", "price": "199", "unit_price": "$.19/ oz", "name": "Campbell's Condensed Soup Cream of Broccoli", "cnid": "2744", "productId": "7193", "size": "10.7 oz can"},
{"thumb": "http://i4.peapod.com/c/KK/KKNHZ.gif", "price": "189", "unit_price": "$.18/ oz", "name": "Campbell's Condensed Soup Cream of Celery", "cnid": "2744", "productId": "7088", "size": "10.7 oz can"},
{"thumb": "http://i4.peapod.com/c/KK/KKNHZ.gif", "price": "133", "unit_price": "$.12/ oz", "name": "Campbell's Condensed Soup Cream of Chicken", "cnid": "2744", "productId": "7078", "size": "10.7 oz can"},
{"thumb": "http://i4.peapod.com/c/KK/KKNHZ.gif", "price": "199", "unit_price": "$.19/ oz", "name": "Campbell's Condensed Soup Cream of Chicken 98% Fat Free", "cnid": "2744", "productId": "43850", "size": "10.7 oz can"},
{"thumb": "http://i4.peapod.com/c/KK/KKNHZ.gif", "price": "199", "unit_price": "$.19/ oz", "name": "Campbell's Condensed Soup Cream of Chicken with Herbs", "cnid": "2744", "productId": "86001", "size": "10.7 oz can"},
{"thumb": "http://i4.peapod.com/c/KK/KKNHZ.gif", "price": "133", "unit_price": "$.12/ oz", "name": "Campbell's Condensed Soup Cream of Mushroom", "cnid": "2744", "productId": "7099", "size": "10.7 oz can"},
{"thumb": "http://i4.peapod.com/c/KK/KKNHZ.gif", "price": "199", "unit_price": "$.19/ oz", "name": "Campbell's Condensed Soup Cream of Mushroom 25% Less Sodium", "cnid": "2744", "productId": "142249", "size": "10.7 oz can"},
{"thumb": "http://i4.peapod.com/c/KK/KKNHZ.gif", "price": "199", "unit_price": "$.19/ oz", "name": "Campbell's Condensed Soup Cream of Mushroom 98% Fat Free", "cnid": "2744", "productId": "43851", "size": "10.7 oz can"},
{"thumb": "http://i4.peapod.com/c/KK/KKNHZ.gif", "price": "199", "unit_price": "$.19/ oz", "name": "Campbell's Condensed Soup French Onion", "cnid": "2744", "productId": "7089", "size": "10.5 oz can"},
{"thumb": "http://i4.peapod.com/c/KK/KKNHZ.gif", "price": "199", "unit_price": "$.19/ oz", "name": "Campbell's Condensed Soup Golden Mushroom", "cnid": "2744", "productId": "7126", "size": "10.7 oz can"},
{"thumb": "http://i4.peapod.com/c/KK/KKNHZ.gif", "price": "199", "unit_price": "$.19/ oz", "name": "Campbell's Condensed Soup Homestyle Chicken Noodle", "cnid": "2744", "productId": "7140", "size": "10.7 oz can"},
{"thumb": "http://i4.peapod.com/c/KK/KKNHZ.gif", "price": "199", "unit_price": "$.18/ oz", "name": "Campbell's Condensed Soup Old Fashioned Tomato Rice", "cnid": "2744", "productId": "7107", "size": "11 oz can"},
{"thumb": "http://i4.peapod.com/c/KK/KKNHZ.gif", "price": "109", "unit_price": "$.10/ oz", "name": "Campbell's Condensed Soup Tomato", "cnid": "2744", "productId": "7034", "size": "10.7 oz can"},
{"thumb": "http://i4.peapod.com/c/KK/KKNHZ.gif", "price": "189", "unit_price": "$.18/ oz", "name": "Campbell's Condensed Soup Vegetable Beef", "cnid": "2744", "productId": "7097", "size": "10.5 oz can"},
{"thumb": "http://i4.peapod.com/c/KK/KKNHZ.gif", "price": "199", "unit_price": "$.19/ oz", "name": "Campbell's Condensed Soup Vegetarian Vegetable Alphabet", "cnid": "2744", "productId": "7087", "size": "10.5 oz can"},
{"thumb": "http://i4.peapod.com/c/KK/KKNHZ.gif", "price": "349", "unit_price": "$.25/ oz", "name": "Campbell's Go Soup Pouch Coconut Curry with Chicken & Shiitake Mushrooms", "cnid": "2744", "productId": "191245", "size": "14 oz pkg"},
{"thumb": "http://i4.peapod.com/c/KK/KKNHZ.gif", "price": "349", "unit_price": "$.25/ oz", "name": "Campbell's Go Soup Pouch Creamy Red Pepper with Smoked Gouda", "cnid": "2744", "productId": "191247", "size": "14 oz pkg"},
{"thumb": "http://i4.peapod.com/c/KK/KKNHZ.gif", "price": "349", "unit_price": "$.25/ oz", "name": "Campbell's Go Soup Pouch Golden Lentil with Madras Curry", "cnid": "2744", "productId": "191248", "size": "14 oz pkg"},
{"thumb": "http://i4.peapod.com/c/KK/KKNHZ.gif", "price": "349", "unit_price": "$.25/ oz", "name": "Campbell's Go Soup Pouch Spicy Chorizo & Pulled Chicken with Black Beans", "cnid": "2744", "productId": "191246", "size": "14 oz pkg"},
{"thumb": "http://i4.peapod.com/c/KK/KKNHZ.gif", "price": "379", "unit_price": "$.21/ oz", "name": "Campbell's Gourmet Bisques Golden Butternut Squash", "cnid": "2744", "productId": "191243", "size": "18.3 oz ctn"},
{"thumb": "http://i4.peapod.com/c/KK/KKNHZ.gif", "price": "379", "unit_price": "$.21/ oz", "name": "Campbell's Gourmet Bisques Tomato Roasted Garlic Bacon", "cnid": "2744", "productId": "188891", "size": "18.3 oz ctn"},
{"thumb": "http://i4.peapod.com/c/KK/KKNHZ.gif", "price": "199", "unit_price": "$.19/ oz", "name": "Campbell's Healthy Request Condensed Soup Cream of Celery", "cnid": "2744", "productId": "182188", "size": "10.7 oz can"},
{"thumb": "http://i4.peapod.com/c/KK/KKNHZ.gif", "price": "199", "unit_price": "$.19/ oz", "name": "Campbell's Kids Condensed Soup Chicken & Stars", "cnid": "2744", "productId": "7111", "size": "10.5 oz can"},
{"thumb": "http://i4.peapod.com/c/KK/KKNHZ.gif", "price": "199", "unit_price": "$.19/ oz", "name": "Campbell's Kids Condensed Soup Chicken Noodle O's", "cnid": "2744", "productId": "7114", "size": "10.5 oz can"},
{"thumb": "http://i4.peapod.com/c/KK/KKNHZ.gif", "price": "199", "unit_price": "$.19/ oz", "name": "Campbell's Kids Condensed Soup Disney Princess Pasta, Chicken & Broth", "cnid": "2744", "productId": "152435", "size": "10.5 oz can"},
{"thumb": "http://i4.peapod.com/c/KK/KKNHZ.gif", "price": "199", "unit_price": "$.18/ oz", "name": "Campbell's Kids Condensed Soup Double Noodle", "cnid": "2744", "productId": "15066", "size": "11 oz can"},
{"thumb": "http://i4.peapod.com/c/KK/KKNHZ.gif", "price": "199", "unit_price": "$.19/ oz", "name": "Campbell's Kids Condensed Soup Phineas & Ferb Pasta Shapes", "cnid": "2744", "productId": "156101", "size": "10.5 oz can"},
{"thumb": "http://i4.peapod.com/c/KK/KKNHZ.gif", "price": "199", "unit_price": "$.19/ oz", "name": "Campbell's Ready to Serve Soup Chicken Noodle Low Sodium", "cnid": "2744", "productId": "183254", "size": "10.7 oz can"},
{"thumb": "http://i4.peapod.com/c/KK/KKNHZ.gif", "price": "250", "unit_price": "$.13/ oz", "name": "Campbell's Select Harvest Soup New England Clam Chowder 98% Fat Free", "cnid": "2744", "productId": "86049", "size": "18.8 oz can"},
{"thumb": "http://i4.peapod.com/c/KK/KKNHZ.gif", "price": "250", "unit_price": "$.13/ oz", "name": "Campbell's Select Harvest Soup Split Pea with Roasted Ham", "cnid": "2744", "productId": "29691", "size": "19 oz can"},
{"thumb": "http://i4.peapod.com/c/KK/KKNHZ.gif", "price": "369", "unit_price": "$.24/ oz", "name": "Campbell's Slow Kettle Style Soups Portobello Mushroom & Madeira Bisque", "cnid": "2744", "productId": "178991", "size": "15.3 oz bwl"},
{"thumb": "http://i4.peapod.com/c/KK/KKNHZ.gif", "price": "369", "unit_price": "$.24/ oz", "name": "Campbell's Slow Kettle Style Soups Tomato & Sweet Basil Bisque", "cnid": "2744", "productId": "179524", "size": "15.5 oz bwl"},
{"thumb": "http://i4.peapod.com/c/KK/KKNHZ.gif", "price": "369", "unit_price": "$.24/ oz", "name": "Campbell's Slow Kettle Style Soups Tuscan Style Chicken & White Bean", "cnid": "2744", "productId": "191984", "size": "15.5 oz bwl"},
{"thumb": "http://i4.peapod.com/c/KK/KKNHZ.gif", "price": "189", "unit_price": "$.12/ oz", "name": "Campbell's Soup Homestyle Chicken Noodle", "cnid": "2744", "productId": "152519", "size": "15.4 oz bwl"},
{"thumb": "http://i4.peapod.com/c/KK/KKNHZ.gif", "price": "250", "unit_price": "$.13/ oz", "name": "Campbell's Soup Italian-Style Wedding 100% Natural", "cnid": "2744", "productId": "127583", "size": "18.6 oz can"},
{"thumb": "http://i4.peapod.com/c/KK/KKNHZ.gif", "price": "179", "unit_price": "$.17/ oz", "name": "Campbell's Soup on the Go Chicken & Stars", "cnid": "2744", "productId": "132077", "size": "10.7 oz cup"},
{"thumb": "http://i4.peapod.com/c/KK/KKNHZ.gif", "price": "179", "unit_price": "$.17/ oz", "name": "Campbell's Soup on the Go Chicken with Mini Noodles", "cnid": "2744", "productId": "132074", "size": "10.7 oz cup"},
{"thumb": "http://i4.peapod.com/c/KK/KKNHZ.gif", "price": "179", "unit_price": "$.17/ oz", "name": "Campbell's Soup on the Go Classic Tomato", "cnid": "2744", "productId": "128968", "size": "10.7 oz cup"},
{"thumb": "http://i4.peapod.com/c/KK/KKNHZ.gif", "price": "179", "unit_price": "$.17/ oz", "name": "Campbell's Soup on the Go Creamy Chicken", "cnid": "2744", "productId": "128966", "size": "10.7 oz cup"},
{"thumb": "http://i4.peapod.com/c/KK/KKNHZ.gif", "price": "179", "unit_price": "$.17/ oz", "name": "Campbell's Soup on the Go Creamy Tomato", "cnid": "2744", "productId": "132099", "size": "10.7 oz cup"},
{"thumb": "http://i4.peapod.com/c/KK/KKNHZ.gif", "price": "109", "unit_price": "$.08/ oz", "name": "College Inn Broth Beef", "cnid": "2744", "productId": "2206", "size": "14.5 oz can"},
{"thumb": "http://i4.peapod.com/c/KK/KKNHZ.gif", "price": "109", "unit_price": "$.08/ oz", "name": "College Inn Broth Beef Fat Free & Low Salt", "cnid": "2744", "productId": "34504", "size": "14.5 oz can"},
{"thumb": "http://i4.peapod.com/c/KK/KKNHZ.gif", "price": "200", "unit_price": "$.06/ oz", "name": "College Inn Broth Chicken", "cnid": "2744", "productId": "156071", "size": "32 oz ctn"},
{"thumb": "http://i4.peapod.com/c/KK/KKNHZ.gif", "price": "299", "unit_price": "$.06/ oz", "name": "College Inn Broth Chicken 50% Less Sodium Light & Fat Free", "cnid": "2744", "productId": "99721", "size": "48 oz can"},
{"thumb": "http://i4.peapod.com/c/KK/KKNHZ.gif", "price": "299", "unit_price": "$.06/ oz", "name": "College Inn Broth Chicken 99% Fat Free", "cnid": "2744", "productId": "2204", "size": "48 oz can"},
{"thumb": "http://i4.peapod.com/c/KK/KKNHZ.gif", "price": "109", "unit_price": "$.08/ oz", "name": "College Inn Broth Chicken 99% Fat Free", "cnid": "2744", "productId": "2205", "size": "14.5 oz can"},
{"thumb": "http://i4.peapod.com/c/KK/KKNHZ.gif", "price": "109", "unit_price": "$.08/ oz", "name": "College Inn Broth Chicken Fat Free & Low Salt", "cnid": "2744", "productId": "2203", "size": "14.5 oz can"},
{"thumb": "http://i4.peapod.com/c/KK/KKNHZ.gif", "price": "200", "unit_price": "$.06/ oz", "name": "College Inn Broth Chicken Light & 99% Fat Free 50% Less Sodium", "cnid": "2744", "productId": "156070", "size": "32 oz ctn"},
{"thumb": "http://i4.peapod.com/c/KK/KKNHZ.gif", "price": "349", "unit_price": "$.07/ oz", "name": "College Inn Broth Chicken Light & Fat Free 50% Less Sodium", "cnid": "2744", "productId": "160998", "size": "48 oz ctn"},
{"thumb": "http://i4.peapod.com/c/KK/KKNHZ.gif", "price": "109", "unit_price": "$.08/ oz", "name": "College Inn Broth Garden Vegetable", "cnid": "2744", "productId": "72077", "size": "14.5 oz can"},
{"thumb": "http://i4.peapod.com/c/KK/KKNHZ.gif", "price": "200", "unit_price": "$.08/ oz", "name": "Gold's Borscht", "cnid": "2744", "productId": "61199", "size": "24 oz btl"},
{"thumb": "http://i4.peapod.com/c/KK/KKNHZ.gif", "price": "249", "unit_price": "$.35/ oz", "name": "Goya Bouillon Chicken Powdered - 20 ct", "cnid": "2744", "productId": "157593", "size": "7.05 oz box"},
{"thumb": "http://i4.peapod.com/c/KK/KKNHZ.gif", "price": "250", "unit_price": "$.17/ oz", "name": "Health Valley Soup 14 Garden Vegetable 40% Less Sodium Organic", "cnid": "2744", "productId": "18789", "size": "15 oz can"},
{"thumb": "http://i4.peapod.com/c/KK/KKNHZ.gif", "price": "125", "unit_price": "$.08/ oz", "name": "Healthy Choice Soup Chicken Noodle", "cnid": "2744", "productId": "12837", "size": "15 oz can"},
{"thumb": "http://i4.peapod.com/c/KK/KKNHZ.gif", "price": "125", "unit_price": "$.08/ oz", "name": "Healthy Choice Soup Chicken with Rice", "cnid": "2744", "productId": "12832", "size": "15 oz can"},
{"thumb": "http://i4.peapod.com/c/KK/KKNHZ.gif", "price": "269", "unit_price": "$.19/ oz", "name": "Healthy Choice Soup Chicken with Rice", "cnid": "2744", "productId": "142474", "size": "14 oz bwl"},
{"thumb": "http://i4.peapod.com/c/KK/KKNHZ.gif", "price": "125", "unit_price": "$.08/ oz", "name": "Healthy Choice Soup Garden Vegetable", "cnid": "2744", "productId": "15656", "size": "15 oz can"},
{"thumb": "http://i4.peapod.com/c/KK/KKNHZ.gif", "price": "269", "unit_price": "$.19/ oz", "name": "Healthy Choice Soup Old Fashioned Chicken Noodle", "cnid": "2744", "productId": "142475", "size": "14 oz bwl"},
{"thumb": "http://i4.peapod.com/c/KK/KKNHZ.gif", "price": "279", "unit_price": "$.86/ oz", "name": "Herb-Ox Bouillon Beef Cubes - 25 ct", "cnid": "2744", "productId": "67588", "size": "3.25 oz jar"},
{"thumb": "http://i4.peapod.com/c/KK/KKNHZ.gif", "price": "279", "unit_price": "$.84/ oz", "name": "Herb-Ox Bouillon Chicken Cubes - 25 ct", "cnid": "2744", "productId": "23556", "size": "3.33 oz jar"},
{"thumb": "http://i4.peapod.com/c/KK/KKNHZ.gif", "price": "319", "unit_price": "$.80/ oz", "name": "Herb-Ox Bouillon Chicken Granules", "cnid": "2744", "productId": "40942", "size": "4 oz jar"},
{"thumb": "http://i4.peapod.com/c/KK/KKNHZ.gif", "price": "279", "unit_price": "$.84/ oz", "name": "Herb-Ox Bouillon Vegetable Cubes - 25 ct", "cnid": "2744", "productId": "48108", "size": "3.33 oz jar"},
{"thumb": "http://i4.peapod.com/c/KK/KKNHZ.gif", "price": "319", "unit_price": "$.80/ oz", "name": "Herb-Ox Instant Bouillon & Seasoning Beef", "cnid": "2744", "productId": "169895", "size": "4 oz jar"},
{"thumb": "http://i4.peapod.com/c/KK/KKNHZ.gif", "price": "219", "unit_price": "$1.83/ oz", "name": "Herb-Ox Instant Bouillon Beef Sodium Free Packets - 8 ct", "cnid": "2744", "productId": "34233", "size": "1.2 oz box"},
{"thumb": "http://i4.peapod.com/c/KK/KKNHZ.gif", "price": "219", "unit_price": "$1.83/ oz", "name": "Herb-Ox Instant Bouillon Chicken Sodium Free Packets - 8 ct", "cnid": "2744", "productId": "34234", "size": "1.2 oz box"},
{"thumb": "http://i4.peapod.com/c/KK/KKNHZ.gif", "price": "469", "unit_price": "$.15/ oz", "name": "Imagine Natural Creations Soup Creamy Butternut Squash Organic", "cnid": "2744", "productId": "125179", "size": "32 oz ctn"},
{"thumb": "http://i4.peapod.com/c/KK/KKNHZ.gif", "price": "469", "unit_price": "$.15/ oz", "name": "Imagine Natural Creations Soup Creamy Tomato Organic", "cnid": "2744", "productId": "112765", "size": "32 oz ctn"},
{"thumb": "http://i4.peapod.com/c/KK/KKNHZ.gif", "price": "139", "unit_price": "$.23/ oz", "name": "Kedem Soup Mix Split Pea", "cnid": "2744", "productId": "153699", "size": "6 oz pkg"},
{"thumb": "http://i4.peapod.com/c/KK/KKNHZ.gif", "price": "329", "unit_price": "$.10/ oz", "name": "Kitchen Basics Cooking Stock Beef Flavor Original All Natural", "cnid": "2744", "productId": "160999", "size": "32 oz ctn"},
{"thumb": "http://i4.peapod.com/c/KK/KKNHZ.gif", "price": "329", "unit_price": "$.10/ oz", "name": "Kitchen Basics Cooking Stock Chicken Unsalted All Natural", "cnid": "2744", "productId": "161000", "size": "32 oz ctn"},
{"thumb": "http://i4.peapod.com/c/KK/KKNHZ.gif", "price": "329", "unit_price": "$.10/ oz", "name": "Kitchen Basics Cooking Stock Original Chicken All Natural", "cnid": "2744", "productId": "100531", "size": "32 oz ctn"},
{"thumb": "http://i4.peapod.com/c/KK/KKNHZ.gif", "price": "329", "unit_price": "$.10/ oz", "name": "Kitchen Basics Cooking Stock Vegetable Unsalted All Natural", "cnid": "2744", "productId": "161001", "size": "32 oz ctn"},
{"thumb": "http://i4.peapod.com/c/KK/KKNHZ.gif", "price": "145", "unit_price": "$.63/ oz", "name": "Knorr Bouillon Beef Cubes - 6 ct", "cnid": "2744", "productId": "38266", "size": "2.3 oz pkg"},
{"thumb": "http://i4.peapod.com/c/KK/KKNHZ.gif", "price": "145", "unit_price": "$.58/ oz", "name": "Knorr Bouillon Chicken Extra Large Cubes - 6 ct", "cnid": "2744", "productId": "23555", "size": "2.5 oz pkg"},
{"thumb": "http://i4.peapod.com/c/KK/KKNHZ.gif", "price": "145", "unit_price": "$.69/ oz", "name": "Knorr Bouillon Vegetarian Vegetable Cubes - 6 ct", "cnid": "2744", "productId": "6766", "size": "2.1 oz pkg"},
{"thumb": "http://i4.peapod.com/c/KK/KKNHZ.gif", "price": "99", "unit_price": "$.43/ oz", "name": "Knorr Caldo Con Sabor De Pollo Bouillon Chicken Cubes - 6 ct", "cnid": "2744", "productId": "157594", "size": "2.3 oz box"},
{"thumb": "http://i4.peapod.com/c/KK/KKNHZ.gif", "price": "369", "unit_price": "$.79/ oz", "name": "Knorr Homestyle Stock Beef Concentrated - 4 ct", "cnid": "2744", "productId": "167329", "size": "4.66 oz pkg"},
{"thumb": "http://i4.peapod.com/c/KK/KKNHZ.gif", "price": "369", "unit_price": "$.79/ oz", "name": "Knorr Homestyle Stock Chicken Concentrated - 4 ct", "cnid": "2744", "productId": "167330", "size": "4.66 oz pkg"},
{"thumb": "http://i4.peapod.com/c/KK/KKNHZ.gif", "price": "150", "unit_price": "$1.07/ oz", "name": "Knorr Recipe Mix Vegetable", "cnid": "2744", "productId": "6755", "size": "1.4 oz pkt"},
{"thumb": "http://i4.peapod.com/c/KK/KKNHZ.gif", "price": "150", "unit_price": "$1.07/ oz", "name": "Knorr Soup & Recipe Mix French Onion", "cnid": "2744", "productId": "10840", "size": "1.4 oz box"},
{"thumb": "http://i4.peapod.com/c/KK/KKNHZ.gif", "price": "549", "unit_price": "$.34/ oz", "name": "Legal Sea Foods Soup New England Clam Chowder Refrigerated", "cnid": "2744", "productId": "155502", "size": "16 oz tub"},
{"thumb": "http://i4.peapod.com/c/KK/KKNHZ.gif", "price": "169", "unit_price": "$.89/ oz", "name": "Lipton Cup-A-Soup Instant Soup Mix Spring Vegetable - 4 ct", "cnid": "2744", "productId": "163171", "size": "1.9 oz box"},
{"thumb": "http://i4.peapod.com/c/KK/KKNHZ.gif", "price": "189", "unit_price": "$.94/ oz", "name": "Lipton Recipe Secrets Soup & Dip Mix Onion - 2 ct", "cnid": "2744", "productId": "4128", "size": "2 oz box"},
{"thumb": "http://i4.peapod.com/c/KK/KKNHZ.gif", "price": "300", "unit_price": "$1.58/ oz", "name": "Lipton Recipe Secrets Soup & Dip Mix Onion Kosher - 2 ct", "cnid": "2744", "productId": "136217", "size": "1.9 oz box"},
{"thumb": "http://i4.peapod.com/c/KK/KKNHZ.gif", "price": "189", "unit_price": "$1.05/ oz", "name": "Lipton Recipe Secrets Soup & Dip Mix Onion Mushroom - 2 ct", "cnid": "2744", "productId": "15644", "size": "1.8 oz box"},
{"thumb": "http://i4.peapod.com/c/KK/KKNHZ.gif", "price": "189", "unit_price": "$1.05/ oz", "name": "Lipton Recipe Secrets Soup & Dip Mix Vegetable - 2 ct", "cnid": "2744", "productId": "88402", "size": "1.8 oz box"},
{"thumb": "http://i4.peapod.com/c/KK/KKNHZ.gif", "price": "149", "unit_price": "$.30/ oz", "name": "Lipton Soup Secrets Mix Extra Noodle - 2 ct", "cnid": "2744", "productId": "33585", "size": "4.9 oz box"},
{"thumb": "http://i4.peapod.com/c/KK/KKNHZ.gif", "price": "140", "unit_price": "$.31/ oz", "name": "Lipton Soup Secrets Mix Noodles with Chicken Broth - 2 ct", "cnid": "2744", "productId": "4126", "size": "4.5 oz box"},
{"thumb": "http://i4.peapod.com/c/KK/KKNHZ.gif", "price": "300", "unit_price": "$.73/ oz", "name": "Lipton Soup Secrets Soup Mix Noodle with Chicken Kosher - 2 ct", "cnid": "2744", "productId": "153688", "size": "4.09 oz box"},
{"thumb": "http://i4.peapod.com/c/KK/KKNHZ.gif", "price": "189", "unit_price": "$.19/ oz", "name": "Maggi Bouillon Tablets Chicken Flavor - 24 ct", "cnid": "2744", "productId": "164868", "size": "10.2 oz pkg"},
{"thumb": "http://i4.peapod.com/c/KK/KKNHZ.gif", "price": "250", "unit_price": "$.10/ oz", "name": "Manischewitz Borscht with Shredded Beets", "cnid": "2744", "productId": "14577", "size": "24 oz jar"},
{"thumb": "http://i4.peapod.com/c/KK/KKNHZ.gif", "price": "200", "unit_price": "$.19/ oz", "name": "Manischewitz Condensed Broth Clear Chicken", "cnid": "2744", "productId": "40315", "size": "10.5 oz can"},
{"thumb": "http://i4.peapod.com/c/KK/KKNHZ.gif", "price": "200", "unit_price": "$.19/ oz", "name": "Manischewitz Condensed Soup Clear Chicken", "cnid": "2744", "productId": "8795", "size": "10.5 oz can"},
{"thumb": "http://i4.peapod.com/c/KK/KKNHZ.gif", "price": "250", "unit_price": "$.50/ oz", "name": "Manischewitz Matzo Ball Mix Kosher for Passover", "cnid": "2744", "productId": "8758", "size": "5 oz box"},
{"thumb": "http://i4.peapod.com/c/KK/KKNHZ.gif", "price": "599", "unit_price": "$.25/ oz", "name": "Manischewitz Matzo Balls in Broth (Add Directly to Soup)", "cnid": "2744", "productId": "8800", "size": "24 oz jar"},
{"thumb": "http://i4.peapod.com/c/KK/KKNHZ.gif", "price": "250", "unit_price": "$.56/ oz", "name": "Manischewitz Soup & Matzo Ball Mix", "cnid": "2744", "productId": "8760", "size": "4.5 oz box"},
{"thumb": "http://i4.peapod.com/c/KK/KKNHZ.gif", "price": "499", "unit_price": "$.21/ oz", "name": "Manischewitz Soup Matzo Ball Ready to Serve Kosher", "cnid": "2744", "productId": "8801", "size": "24 oz jar"},
{"thumb": "http://i4.peapod.com/c/KK/KKNHZ.gif", "price": "169", "unit_price": "$.28/ oz", "name": "Manischewitz Soup Mix Split Pea", "cnid": "2744", "productId": "8803", "size": "6 oz pkg"},
{"thumb": "http://i4.peapod.com/c/KK/KKNHZ.gif", "price": "259", "unit_price": "$.19/ oz", "name": "Maruchan Instant Lunch Ramen Noodles Chicken - 6 ct", "cnid": "2744", "productId": "20166", "size": "13.5 oz pkg"},
{"thumb": "http://i4.peapod.com/c/KK/KKNHZ.gif", "price": "169", "unit_price": "$.09/ oz", "name": "Maruchan Ramen Noodle Soup Beef Flavor - 6 ct", "cnid": "2744", "productId": "161007", "size": "18 oz pkg"},
{"thumb": "http://i4.peapod.com/c/KK/KKNHZ.gif", "price": "300", "unit_price": "$.08/ oz", "name": "Maruchan Ramen Noodle Soup Chicken Flavor - 12 ct", "cnid": "2744", "productId": "73018", "size": "36 oz pkg"},
{"thumb": "http://i4.peapod.com/c/KK/KKNHZ.gif", "price": "169", "unit_price": "$.09/ oz", "name": "Maruchan Ramen Noodle Soup Chicken Flavor - 6 ct", "cnid": "2744", "productId": "121460", "size": "18 oz pkg"},
{"thumb": "http://i4.peapod.com/c/KK/KKNHZ.gif", "price": "169", "unit_price": "$.09/ oz", "name": "Maruchan Ramen Noodle Soup Oriental Flavor - 6 ct", "cnid": "2744", "productId": "156304", "size": "18 oz pkg"},
{"thumb": "http://i4.peapod.com/c/KK/KKNHZ.gif", "price": "249", "unit_price": "$.08/ oz", "name": "Nature's Promise Naturals Broth Beef Flavored", "cnid": "2744", "productId": "136072", "size": "32 oz ctn"},
{"thumb": "http://i4.peapod.com/c/KK/KKNHZ.gif", "price": "125", "unit_price": "$.07/ oz", "name": "Nature's Promise Naturals Broth Beef Flavored Low Sodium Low Fat", "cnid": "2744", "productId": "160160", "size": "17 oz ctn"},
{"thumb": "http://i4.peapod.com/c/KK/KKNHZ.gif", "price": "299", "unit_price": "$.09/ oz", "name": "Nature's Promise Naturals Soup Butternut Squash", "cnid": "2744", "productId": "160164", "size": "32 oz ctn"},
{"thumb": "http://i4.peapod.com/c/KK/KKNHZ.gif", "price": "299", "unit_price": "$.09/ oz", "name": "Nature's Promise Naturals Soup Cream of Tomato", "cnid": "2744", "productId": "160163", "size": "32 oz ctn"},
{"thumb": "http://i4.peapod.com/c/KK/KKNHZ.gif", "price": "200", "unit_price": "$.11/ oz", "name": "Nature's Promise Naturals Soup Lentil Vegetable", "cnid": "2744", "productId": "160171", "size": "17.8 oz ctn"},
{"thumb": "http://i4.peapod.com/c/KK/KKNHZ.gif", "price": "200", "unit_price": "$.11/ oz", "name": "Nature's Promise Naturals Soup Minestrone", "cnid": "2744", "productId": "160169", "size": "17.8 oz ctn"},
{"thumb": "http://i4.peapod.com/c/KK/KKNHZ.gif", "price": "299", "unit_price": "$.09/ oz", "name": "Nature's Promise Naturals Soup Tomato & Roasted Red Pepper", "cnid": "2744", "productId": "160165", "size": "32 oz ctn"},
{"thumb": "http://i4.peapod.com/c/KK/KKNHZ.gif", "price": "249", "unit_price": "$.08/ oz", "name": "Nature's Promise Organics Broth Chicken", "cnid": "2744", "productId": "136070", "size": "32 oz ctn"},
{"thumb": "http://i4.peapod.com/c/KK/KKNHZ.gif", "price": "125", "unit_price": "$.07/ oz", "name": "Nature's Promise Organics Broth Chicken", "cnid": "2744", "productId": "160158", "size": "17 oz ctn"},
{"thumb": "http://i4.peapod.com/c/KK/KKNHZ.gif", "price": "249", "unit_price": "$.08/ oz", "name": "Nature's Promise Organics Broth Chicken Low Sodium", "cnid": "2744", "productId": "136071", "size": "32 oz ctn"},
{"thumb": "http://i4.peapod.com/c/KK/KKNHZ.gif", "price": "125", "unit_price": "$.07/ oz", "name": "Nature's Promise Organics Broth Chicken Low Sodium Fat Free", "cnid": "2744", "productId": "160159", "size": "17 oz ctn"},
{"thumb": "http://i4.peapod.com/c/KK/KKNHZ.gif", "price": "249", "unit_price": "$.08/ oz", "name": "Nature's Promise Organics Broth Vegetable", "cnid": "2744", "productId": "151977", "size": "32 oz ctn"},
{"thumb": "http://i4.peapod.com/c/KK/KKNHZ.gif", "price": "125", "unit_price": "$.07/ oz", "name": "Nature's Promise Organics Broth Vegetable", "cnid": "2744", "productId": "160161", "size": "17 oz ctn"},
{"thumb": "http://i4.peapod.com/c/KK/KKNHZ.gif", "price": "299", "unit_price": "$.09/ oz", "name": "Nature's Promise Organics Culinary Stock Beef Flavored", "cnid": "2744", "productId": "174923", "size": "32 oz ctn"},
{"thumb": "http://i4.peapod.com/c/KK/KKNHZ.gif", "price": "299", "unit_price": "$.09/ oz", "name": "Nature's Promise Organics Stock Chicken Culinary", "cnid": "2744", "productId": "155120", "size": "32 oz ctn"},
{"thumb": "http://i4.peapod.com/c/KK/KKNHZ.gif", "price": "299", "unit_price": "$.09/ oz", "name": "Nature's Promise Organics Stock Vegetable Culinary", "cnid": "2744", "productId": "155121", "size": "32 oz ctn"},
{"thumb": "http://i4.peapod.com/c/KK/KKNHZ.gif", "price": "85", "unit_price": "$.30/ oz", "name": "Nissin Big Cup Spoonable Noodles & Soup Beef Flavor", "cnid": "2744", "productId": "178068", "size": "2.82 oz cup"},
{"thumb": "http://i4.peapod.com/c/KK/KKNHZ.gif", "price": "85", "unit_price": "$.30/ oz", "name": "Nissin Big Cup Spoonable Noodles & Soup Chicken Flavor", "cnid": "2744", "productId": "178069", "size": "2.82 oz cup"},
{"thumb": "http://i4.peapod.com/c/KK/KKNHZ.gif", "price": "80", "unit_price": "$.20/ oz", "name": "Nissin Chow Mein Noodles Teriyaki Beef Flavor Original", "cnid": "2744", "productId": "142039", "size": "4 oz pkg"},
{"thumb": "http://i4.peapod.com/c/KK/KKNHZ.gif", "price": "350", "unit_price": "$.11/ oz", "name": "Pacific Natural Foods Broth Chicken Free Range Low Sodium Organic", "cnid": "2744", "productId": "143482", "size": "32 oz ctn"},
{"thumb": "http://i4.peapod.com/c/KK/KKNHZ.gif", "price": "350", "unit_price": "$.11/ oz", "name": "Pacific Natural Foods Broth Chicken Free Range Organic", "cnid": "2744", "productId": "115331", "size": "32 oz ctn"},
{"thumb": "http://i4.peapod.com/c/KK/KKNHZ.gif", "price": "350", "unit_price": "$.11/ oz", "name": "Pacific Natural Foods Broth Chicken Free Range Organic - 4 pk", "cnid": "2744", "productId": "143859", "size": "32 oz pkg"},
{"thumb": "http://i4.peapod.com/c/KK/KKNHZ.gif", "price": "350", "unit_price": "$.11/ oz", "name": "Pacific Natural Foods Broth Vegetable Low Sodium Organic", "cnid": "2744", "productId": "143858", "size": "32 oz ctn"},
{"thumb": "http://i4.peapod.com/c/KK/KKNHZ.gif", "price": "350", "unit_price": "$.11/ oz", "name": "Pacific Natural Foods Broth Vegetable Organic", "cnid": "2744", "productId": "116966", "size": "32 oz ctn"},
{"thumb": "http://i4.peapod.com/c/KK/KKNHZ.gif", "price": "250", "unit_price": "$.13/ oz", "name": "Progresso Rich & Hearty Soup Chicken & Homestyle Noodles", "cnid": "2744", "productId": "132264", "size": "19 oz can"},
{"thumb": "http://i4.peapod.com/c/KK/KKNHZ.gif", "price": "250", "unit_price": "$.14/ oz", "name": "Progresso Rich & Hearty Soup Chicken Corn Chowder", "cnid": "2744", "productId": "141609", "size": "18.5 oz can"},
{"thumb": "http://i4.peapod.com/c/KK/KKNHZ.gif", "price": "250", "unit_price": "$.14/ oz", "name": "Progresso Rich & Hearty Soup Hearty Chicken Pot Pie Style", "cnid": "2744", "productId": "167396", "size": "18.5 oz can"},
{"thumb": "http://i4.peapod.com/c/KK/KKNHZ.gif", "price": "250", "unit_price": "$.14/ oz", "name": "Progresso Rich & Hearty Soup Loaded Potato with Bacon", "cnid": "2744", "productId": "167394", "size": "18.5 oz can"},
{"thumb": "http://i4.peapod.com/c/KK/KKNHZ.gif", "price": "250", "unit_price": "$.14/ oz", "name": "Progresso Rich & Hearty Soup New England Clam Chowder", "cnid": "2744", "productId": "135485", "size": "18.5 oz can"},
{"thumb": "http://i4.peapod.com/c/KK/KKNHZ.gif", "price": "300", "unit_price": "$.16/ oz", "name": "Progresso Soup Beef Pot Roast Light", "cnid": "2744", "productId": "152429", "size": "18.5 oz can"},
{"thumb": "http://i4.peapod.com/c/KK/KKNHZ.gif", "price": "300", "unit_price": "$.16/ oz", "name": "Progresso Soup Chicken & Dumpling Light", "cnid": "2744", "productId": "156088", "size": "18.5 oz can"},
{"thumb": "http://i4.peapod.com/c/KK/KKNHZ.gif", "price": "300", "unit_price": "$.16/ oz", "name": "Progresso Soup Chicken Noodle Light", "cnid": "2744", "productId": "152426", "size": "18.5 oz can"},
{"thumb": "http://i4.peapod.com/c/KK/KKNHZ.gif", "price": "300", "unit_price": "$.16/ oz", "name": "Progresso Soup Chicken Noodle Reduced Sodium", "cnid": "2744", "productId": "141610", "size": "18.5 oz can"},
{"thumb": "http://i4.peapod.com/c/KK/KKNHZ.gif", "price": "300", "unit_price": "$.16/ oz", "name": "Progresso Soup Chicken Vegetable Rotini Light", "cnid": "2744", "productId": "152427", "size": "18.5 oz can"},
{"thumb": "http://i4.peapod.com/c/KK/KKNHZ.gif", "price": "300", "unit_price": "$.16/ oz", "name": "Progresso Soup Italian Wedding Reduced Sodium", "cnid": "2744", "productId": "146125", "size": "18.5 oz can"},
{"thumb": "http://i4.peapod.com/c/KK/KKNHZ.gif", "price": "300", "unit_price": "$.16/ oz", "name": "Progresso Soup Vegetable Light", "cnid": "2744", "productId": "156069", "size": "18.5 oz can"},
{"thumb": "http://i4.peapod.com/c/KK/KKNHZ.gif", "price": "300", "unit_price": "$.16/ oz", "name": "Progresso Soup Zesty Santa Fe Style Chicken Light", "cnid": "2744", "productId": "152428", "size": "18.5 oz can"},
{"thumb": "http://i4.peapod.com/c/KK/KKNHZ.gif", "price": "200", "unit_price": "$.10/ oz", "name": "Progresso Traditional Chickarina Chicken Soup with Meatballs", "cnid": "2744", "productId": "83374", "size": "19 oz can"},
{"thumb": "http://i4.peapod.com/c/KK/KKNHZ.gif", "price": "200", "unit_price": "$.10/ oz", "name": "Progresso Traditional Soup Beef Barley", "cnid": "2744", "productId": "4309", "size": "19 oz can"},
{"thumb": "http://i4.peapod.com/c/KK/KKNHZ.gif", "price": "200", "unit_price": "$.10/ oz", "name": "Progresso Traditional Soup Chicken & Sausage Gumbo", "cnid": "2744", "productId": "141608", "size": "19 oz can"},
{"thumb": "http://i4.peapod.com/c/KK/KKNHZ.gif", "price": "200", "unit_price": "$.10/ oz", "name": "Progresso Traditional Soup Chicken & Wild Rice", "cnid": "2744", "productId": "15796", "size": "19 oz can"},
{"thumb": "http://i4.peapod.com/c/KK/KKNHZ.gif", "price": "200", "unit_price": "$.11/ oz", "name": "Progresso Traditional Soup Chicken Barley", "cnid": "2744", "productId": "4307", "size": "18.5 oz can"},
{"thumb": "http://i4.peapod.com/c/KK/KKNHZ.gif", "price": "200", "unit_price": "$.10/ oz", "name": "Progresso Traditional Soup Chicken Noodle", "cnid": "2744", "productId": "4294", "size": "19 oz can"},
{"thumb": "http://i4.peapod.com/c/KK/KKNHZ.gif", "price": "200", "unit_price": "$.10/ oz", "name": "Progresso Traditional Soup Chicken Noodle 99% Fat Free", "cnid": "2744", "productId": "18915", "size": "19 oz can"},
{"thumb": "http://i4.peapod.com/c/KK/KKNHZ.gif", "price": "200", "unit_price": "$.10/ oz", "name": "Progresso Traditional Soup Chicken Rice with Vegetables", "cnid": "2744", "productId": "4287", "size": "19 oz can"},
{"thumb": "http://i4.peapod.com/c/KK/KKNHZ.gif", "price": "200", "unit_price": "$.10/ oz", "name": "Progresso Traditional Soup Hearty Chicken & Rotini", "cnid": "2744", "productId": "4312", "size": "19 oz can"},
{"thumb": "http://i4.peapod.com/c/KK/KKNHZ.gif", "price": "200", "unit_price": "$.10/ oz", "name": "Progresso Traditional Soup Homestyle Chicken", "cnid": "2744", "productId": "14959", "size": "19 oz can"},
{"thumb": "http://i4.peapod.com/c/KK/KKNHZ.gif", "price": "200", "unit_price": "$.11/ oz", "name": "Progresso Traditional Soup Italian Style Wedding", "cnid": "2744", "productId": "135481", "size": "18.5 oz can"},
{"thumb": "http://i4.peapod.com/c/KK/KKNHZ.gif", "price": "200", "unit_price": "$.10/ oz", "name": "Progresso Traditional Soup Manhattan Clam Chowder", "cnid": "2744", "productId": "4299", "size": "19 oz can"},
{"thumb": "http://i4.peapod.com/c/KK/KKNHZ.gif", "price": "200", "unit_price": "$.11/ oz", "name": "Progresso Traditional Soup New England Clam Chowder", "cnid": "2744", "productId": "48694", "size": "18.5 oz can"},
{"thumb": "http://i4.peapod.com/c/KK/KKNHZ.gif", "price": "200", "unit_price": "$.10/ oz", "name": "Progresso Traditional Soup Split Pea with Ham", "cnid": "2744", "productId": "4296", "size": "19 oz can"},
{"thumb": "http://i4.peapod.com/c/KK/KKNHZ.gif", "price": "269", "unit_price": "$.18/ oz", "name": "Annie's Homegrown Cheesy Ravioli in Tomato & Cheese Sauce Organic", "cnid": "2731", "productId": "162019", "size": "15 oz can"},
{"thumb": "http://i4.peapod.com/c/KK/KKNHZ.gif", "price": "239", "unit_price": "$.66/ oz", "name": "Bumble Bee Sensations Lemon & Pepper Seasoned Tuna Medley with Crackers", "cnid": "2731", "productId": "161185", "size": "3.6 oz pkg"},
{"thumb": "http://i4.peapod.com/c/KK/KKNHZ.gif", "price": "174", "unit_price": "$.50/ oz", "name": "Bumble Bee Tuna Salad with Crackers Ready To Eat", "cnid": "2731", "productId": "161183", "size": "3.5 oz pkg"},
{"thumb": "http://i4.peapod.com/c/KK/KKNHZ.gif", "price": "369", "unit_price": "$.24/ oz", "name": "Campbell's Slow Kettle Style Soups Chicken Chili Southwest Style", "cnid": "2731", "productId": "186578", "size": "15.3 oz bwl"},
{"thumb": "http://i4.peapod.com/c/KK/KKNHZ.gif", "price": "119", "unit_price": "$.08/ oz", "name": "Campbell's SpaghettiOs Original", "cnid": "2731", "productId": "7148", "size": "15 oz can"},
{"thumb": "http://i4.peapod.com/c/KK/KKNHZ.gif", "price": "119", "unit_price": "$.08/ oz", "name": "Campbell's SpaghettiOs plus Calcium", "cnid": "2731", "productId": "123122", "size": "15 oz can"},
{"thumb": "http://i4.peapod.com/c/KK/KKNHZ.gif", "price": "149", "unit_price": "$.10/ oz", "name": "Campbell's SpaghettiOs with Meatballs", "cnid": "2731", "productId": "7149", "size": "14.7 oz can"},
{"thumb": "http://i4.peapod.com/c/KK/KKNHZ.gif", "price": "100", "unit_price": "$.13/ oz", "name": "Chef Boyardee Beefaroni in Tomato & Meat Sauce", "cnid": "2731", "productId": "7851", "size": "7.5 oz bwl"},
{"thumb": "http://i4.peapod.com/c/KK/KKNHZ.gif", "price": "100", "unit_price": "$.07/ oz", "name": "Chef Boyardee Beefaroni in Tomato & Meat Sauce", "cnid": "2731", "productId": "7842", "size": "15 oz can"},
{"thumb": "http://i4.peapod.com/c/KK/KKNHZ.gif", "price": "239", "unit_price": "$.17/ oz", "name": "Chef Boyardee Lasagna Pasta with Chunky Tomato & Meat Sauce", "cnid": "2731", "productId": "145034", "size": "14.5 oz bwl"},
{"thumb": "http://i4.peapod.com/c/KK/KKNHZ.gif", "price": "100", "unit_price": "$.13/ oz", "name": "Chef Boyardee Lasagna Pasta with Chunky Tomato & Meat Sauce", "cnid": "2731", "productId": "7856", "size": "7.5 oz bwl"},
{"thumb": "http://i4.peapod.com/c/KK/KKNHZ.gif", "price": "100", "unit_price": "$.13/ oz", "name": "Chef Boyardee Mac & Cheese", "cnid": "2731", "productId": "41207", "size": "7.5 oz bwl"},
{"thumb": "http://i4.peapod.com/c/KK/KKNHZ.gif", "price": "100", "unit_price": "$.07/ oz", "name": "Chef Boyardee Pasta Shells & Meatballs Mini in Tomato Sauce", "cnid": "2731", "productId": "151531", "size": "14.7 oz can"},
{"thumb": "http://i4.peapod.com/c/KK/KKNHZ.gif", "price": "100", "unit_price": "$.07/ oz", "name": "Chef Boyardee Ravioli Beef & Meatballs Mini in Tomato Sauce", "cnid": "2731", "productId": "124586", "size": "15 oz can"},
{"thumb": "http://i4.peapod.com/c/KK/KKNHZ.gif", "price": "100", "unit_price": "$.13/ oz", "name": "Chef Boyardee Ravioli Beef & Meatballs Mini in Tomato Sauce", "cnid": "2731", "productId": "124383", "size": "7.5 oz bwl"},
{"thumb": "http://i4.peapod.com/c/KK/KKNHZ.gif", "price": "100", "unit_price": "$.13/ oz", "name": "Chef Boyardee Ravioli Beef in Tomato & Meat Sauce", "cnid": "2731", "productId": "7852", "size": "7.5 oz bwl"},
{"thumb": "http://i4.peapod.com/c/KK/KKNHZ.gif", "price": "100", "unit_price": "$.07/ oz", "name": "Chef Boyardee Ravioli Beef in Tomato & Meat Sauce", "cnid": "2731", "productId": "44486", "size": "15 oz can"},
{"thumb": "http://i4.peapod.com/c/KK/KKNHZ.gif", "price": "100", "unit_price": "$.07/ oz", "name": "Chef Boyardee Ravioli Beef in Tomato & Meat Sauce 99% Fat Free", "cnid": "2731", "productId": "88419", "size": "14.7 oz can"},
{"thumb": "http://i4.peapod.com/c/KK/KKNHZ.gif", "price": "100", "unit_price": "$.07/ oz", "name": "Chef Boyardee Ravioli Beef Mini in Tomato & Meat Sauce", "cnid": "2731", "productId": "7843", "size": "15 oz can"},
{"thumb": "http://i4.peapod.com/c/KK/KKNHZ.gif", "price": "100", "unit_price": "$.14/ oz", "name": "Chef Boyardee Rice with Chicken & Vegetables", "cnid": "2731", "productId": "40090", "size": "7.25 oz bwl"},
{"thumb": "http://i4.peapod.com/c/KK/KKNHZ.gif", "price": "100", "unit_price": "$.13/ oz", "name": "Chef Boyardee Spaghetti & Meatballs in Tomato Sauce", "cnid": "2731", "productId": "7854", "size": "7.5 oz bwl"},
{"thumb": "http://i4.peapod.com/c/KK/KKNHZ.gif", "price": "100", "unit_price": "$.07/ oz", "name": "Chef Boyardee Spaghetti & Meatballs in Tomato Sauce", "cnid": "2731", "productId": "7847", "size": "14.5 oz can"},
{"thumb": "http://i4.peapod.com/c/KK/KKNHZ.gif", "price": "100", "unit_price": "$.07/ oz", "name": "Chef Boyardee Spaghetti & Meatballs Mini in Tomato Sauce", "cnid": "2731", "productId": "148160", "size": "14.5 oz can"},
{"thumb": "http://i4.peapod.com/c/KK/KKNHZ.gif", "price": "100", "unit_price": "$.13/ oz", "name": "Chef Boyardee Spaghetti Rings & Meatballs Mini in Tomato Sauce", "cnid": "2731", "productId": "50896", "size": "7.5 oz bwl"},
{"thumb": "http://i4.peapod.com/c/KK/KKNHZ.gif", "price": "215", "unit_price": "$.14/ oz", "name": "Dinty Moore Hearty Meals Beef Stew", "cnid": "2731", "productId": "29697", "size": "15 oz can"},
{"thumb": "http://i4.peapod.com/c/KK/KKNHZ.gif", "price": "315", "unit_price": "$.16/ oz", "name": "Dinty Moore Hearty Meals Beef Stew", "cnid": "2731", "productId": "3832", "size": "20 oz can"},
{"thumb": "http://i4.peapod.com/c/KK/KKNHZ.gif", "price": "269", "unit_price": "$.18/ oz", "name": "Dinty Moore Meals Big Bowls Beef Stew", "cnid": "2731", "productId": "155824", "size": "15 oz bwl"},
{"thumb": "http://i4.peapod.com/c/KK/KKNHZ.gif", "price": "199", "unit_price": "$.13/ oz", "name": "Hormel Chili Chunky with Beans", "cnid": "2731", "productId": "169904", "size": "15 oz can"},
{"thumb": "http://i4.peapod.com/c/KK/KKNHZ.gif", "price": "279", "unit_price": "$.19/ oz", "name": "Hormel Chili No Beans", "cnid": "2731", "productId": "3838", "size": "15 oz can"},
{"thumb": "http://i4.peapod.com/c/KK/KKNHZ.gif", "price": "199", "unit_price": "$.13/ oz", "name": "Hormel Chili Turkey with Beans 99% Fat Free", "cnid": "2731", "productId": "21935", "size": "15 oz can"},
{"thumb": "http://i4.peapod.com/c/KK/KKNHZ.gif", "price": "199", "unit_price": "$.13/ oz", "name": "Hormel Chili with Beans", "cnid": "2731", "productId": "3834", "size": "15 oz can"},
{"thumb": "http://i4.peapod.com/c/KK/KKNHZ.gif", "price": "279", "unit_price": "$.19/ oz", "name": "Hormel Corned Beef Hash", "cnid": "2731", "productId": "3830", "size": "15 oz can"},
{"thumb": "http://i4.peapod.com/c/KK/KKNHZ.gif", "price": "449", "unit_price": "$.11/ oz", "name": "La Choy Chicken Chow Mein with Vegetables, Sauce & Chicken", "cnid": "2731", "productId": "6264", "size": "42 oz can"},
{"thumb": "http://i4.peapod.com/c/KK/KKNHZ.gif", "price": "449", "unit_price": "$.16/ oz", "name": "La Choy Noodles Chow Mein Beef", "cnid": "2731", "productId": "172272", "size": "28 oz can"},
{"thumb": "http://i4.peapod.com/c/KK/KKNHZ.gif", "price": "599", "unit_price": "$.25/ oz", "name": "Stop & Shop Deli Fresh Chili Beef with Beans", "cnid": "2731", "productId": "138099", "size": "24 oz tub"},
{"thumb": "http://i4.peapod.com/c/KK/KKNHZ.gif", "price": "299", "unit_price": "$.08/ oz", "name": "Bruce's Yams Cut in Syrup", "cnid": "2808", "productId": "52941", "size": "40 oz can"},
{"thumb": "http://i4.peapod.com/c/KK/KKNHZ.gif", "price": "299", "unit_price": "$.21/ oz", "name": "Cento Artichoke Hearts in Brine 5-7 ct", "cnid": "2808", "productId": "162822", "size": "14 oz can"},
{"thumb": "http://i4.peapod.com/c/KK/KKNHZ.gif", "price": "100", "unit_price": "$.07/ oz", "name": "Del Monte Fresh Cut Beets Sliced", "cnid": "2808", "productId": "59140", "size": "14.5 oz can"},
{"thumb": "http://i4.peapod.com/c/KK/KKNHZ.gif", "price": "100", "unit_price": "$.07/ oz", "name": "Del Monte Fresh Cut Carrots Sliced", "cnid": "2808", "productId": "11851", "size": "14.5 oz can"},
{"thumb": "http://i4.peapod.com/c/KK/KKNHZ.gif", "price": "100", "unit_price": "$.07/ oz", "name": "Del Monte Fresh Cut Corn Cream Style Sweet Golden", "cnid": "2808", "productId": "2173", "size": "14.7 oz can"},
{"thumb": "http://i4.peapod.com/c/KK/KKNHZ.gif", "price": "199", "unit_price": "$.07/ oz", "name": "Del Monte Fresh Cut Corn Whole Kernel", "cnid": "2808", "productId": "143499", "size": "29 oz can"},
{"thumb": "http://i4.peapod.com/c/KK/KKNHZ.gif", "price": "109", "unit_price": "$.12/ oz", "name": "Del Monte Fresh Cut Corn Whole Kernel Golden Sweet", "cnid": "2808", "productId": "2167", "size": "8.75 oz can"},
{"thumb": "http://i4.peapod.com/c/KK/KKNHZ.gif", "price": "100", "unit_price": "$.07/ oz", "name": "Del Monte Fresh Cut Corn Whole Kernel Golden Sweet", "cnid": "2808", "productId": "2165", "size": "15.2 oz can"},
{"thumb": "http://i4.peapod.com/c/KK/KKNHZ.gif", "price": "100", "unit_price": "$.07/ oz", "name": "Del Monte Fresh Cut Corn Whole Kernel Golden Sweet No Salt Added", "cnid": "2808", "productId": "2158", "size": "15.2 oz can"},
{"thumb": "http://i4.peapod.com/c/KK/KKNHZ.gif", "price": "100", "unit_price": "$.07/ oz", "name": "Del Monte Fresh Cut Green Beans Cut", "cnid": "2808", "productId": "2159", "size": "14.5 oz can"},
{"thumb": "http://i4.peapod.com/c/KK/KKNHZ.gif", "price": "109", "unit_price": "$.14/ oz", "name": "Del Monte Fresh Cut Green Beans Cut", "cnid": "2808", "productId": "2160", "size": "8 oz can"},
{"thumb": "http://i4.peapod.com/c/KK/KKNHZ.gif", "price": "199", "unit_price": "$.07/ oz", "name": "Del Monte Fresh Cut Green Beans Cut", "cnid": "2808", "productId": "15671", "size": "28 oz can"},
{"thumb": "http://i4.peapod.com/c/KK/KKNHZ.gif", "price": "100", "unit_price": "$.07/ oz", "name": "Del Monte Fresh Cut Green Beans Cut No Salt Added", "cnid": "2808", "productId": "2147", "size": "14.5 oz can"},
{"thumb": "http://i4.peapod.com/c/KK/KKNHZ.gif", "price": "100", "unit_price": "$.07/ oz", "name": "Del Monte Fresh Cut Green Beans French Style", "cnid": "2808", "productId": "2161", "size": "14.5 oz can"},
{"thumb": "http://i4.peapod.com/c/KK/KKNHZ.gif", "price": "125", "unit_price": "$.09/ oz", "name": "Del Monte Fresh Cut Green Beans Whole", "cnid": "2808", "productId": "33783", "size": "14.5 oz can"},
{"thumb": "http://i4.peapod.com/c/KK/KKNHZ.gif", "price": "100", "unit_price": "$.07/ oz", "name": "Del Monte Fresh Cut Potatoes New Whole", "cnid": "2808", "productId": "29700", "size": "14.5 oz can"},
{"thumb": "http://i4.peapod.com/c/KK/KKNHZ.gif", "price": "159", "unit_price": "$.12/ oz", "name": "Del Monte Fresh Cut Spinach Leaf", "cnid": "2808", "productId": "29711", "size": "13.5 oz can"},
{"thumb": "http://i4.peapod.com/c/KK/KKNHZ.gif", "price": "125", "unit_price": "$.09/ oz", "name": "Del Monte Fresh Cut Zucchini with Italian Style Tomato Sauce", "cnid": "2808", "productId": "2164", "size": "14.5 oz can"},
{"thumb": "http://i4.peapod.com/c/KK/KKNHZ.gif", "price": "125", "unit_price": "$.09/ oz", "name": "Del Monte Peas & Carrots", "cnid": "2808", "productId": "11847", "size": "14.5 oz can"},
{"thumb": "http://i4.peapod.com/c/KK/KKNHZ.gif", "price": "100", "unit_price": "$.09/ oz", "name": "Del Monte Summer Crisp Corn Whole Kernel Golden Sweet", "cnid": "2808", "productId": "11848", "size": "11 oz can"},
{"thumb": "http://i4.peapod.com/c/KK/KKNHZ.gif", "price": "99", "unit_price": "$.12/ oz", "name": "Geisha Water Chestnuts Sliced", "cnid": "2808", "productId": "117447", "size": "8 oz can"},
{"thumb": "http://i4.peapod.com/c/KK/KKNHZ.gif", "price": "99", "unit_price": "$.07/ oz", "name": "Goya Pigeon Peas Green (Grandules Verdes)", "cnid": "2808", "productId": "43366", "size": "15 oz can"},
{"thumb": "http://i4.peapod.com/c/KK/KKNHZ.gif", "price": "69", "unit_price": "$.05/ oz", "name": "Goya Premium Blackeye Peas (Frijol Carita)", "cnid": "2808", "productId": "78563", "size": "15.5 oz can"},
{"thumb": "http://i4.peapod.com/c/KK/KKNHZ.gif", "price": "159", "unit_price": "$.11/ oz", "name": "Green Giant Corn Cream Style Sweet", "cnid": "2808", "productId": "1593", "size": "14.7 oz can"},
{"thumb": "http://i4.peapod.com/c/KK/KKNHZ.gif", "price": "169", "unit_price": "$.15/ oz", "name": "Green Giant Corn White Shoepeg", "cnid": "2808", "productId": "51353", "size": "11 oz can"},
{"thumb": "http://i4.peapod.com/c/KK/KKNHZ.gif", "price": "169", "unit_price": "$.15/ oz", "name": "Green Giant Corn Whole Kernel Extra Sweet Niblets", "cnid": "2808", "productId": "22264", "size": "11 oz can"},
{"thumb": "http://i4.peapod.com/c/KK/KKNHZ.gif", "price": "109", "unit_price": "$.16/ oz", "name": "Green Giant Corn Whole Kernel Niblets", "cnid": "2808", "productId": "1592", "size": "7 oz can"},
{"thumb": "http://i4.peapod.com/c/KK/KKNHZ.gif", "price": "169", "unit_price": "$.15/ oz", "name": "Green Giant Corn Whole Kernel Niblets", "cnid": "2808", "productId": "1589", "size": "11 oz can"},
{"thumb": "http://i4.peapod.com/c/KK/KKNHZ.gif", "price": "159", "unit_price": "$.10/ oz", "name": "Green Giant Corn Whole Kernel Sweet", "cnid": "2808", "productId": "1591", "size": "15.2 oz can"},
{"thumb": "http://i4.peapod.com/c/KK/KKNHZ.gif", "price": "169", "unit_price": "$.15/ oz", "name": "Green Giant Corn Whole Kernel Sweet Yellow & White", "cnid": "2808", "productId": "67178", "size": "11 oz can"},
{"thumb": "http://i4.peapod.com/c/KK/KKNHZ.gif", "price": "159", "unit_price": "$.11/ oz", "name": "Green Giant Green Beans Cut", "cnid": "2808", "productId": "1598", "size": "14.5 oz can"},
{"thumb": "http://i4.peapod.com/c/KK/KKNHZ.gif", "price": "169", "unit_price": "$.15/ oz", "name": "Green Giant Mexicorn with Red & Green Pepper", "cnid": "2808", "productId": "1590", "size": "11 oz can"},
{"thumb": "http://i4.peapod.com/c/KK/KKNHZ.gif", "price": "159", "unit_price": "$.11/ oz", "name": "Green Giant Sweet Peas", "cnid": "2808", "productId": "1586", "size": "15 oz can"},
{"thumb": "http://i4.peapod.com/c/KK/KKNHZ.gif", "price": "139", "unit_price": "$.16/ oz", "name": "Le Sueur Sweet Peas Small", "cnid": "2808", "productId": "1584", "size": "8.5 oz can"},
{"thumb": "http://i4.peapod.com/c/KK/KKNHZ.gif", "price": "219", "unit_price": "$.15/ oz", "name": "Le Sueur Sweet Peas Small", "cnid": "2808", "productId": "1585", "size": "15 oz can"},
{"thumb": "http://i4.peapod.com/c/KK/KKNHZ.gif", "price": "269", "unit_price": "$.18/ oz", "name": "Libby's Pumpkin 100% Pure", "cnid": "2808", "productId": "3995", "size": "15 oz can"},
{"thumb": "http://i4.peapod.com/c/KK/KKNHZ.gif", "price": "349", "unit_price": "$.12/ oz", "name": "Libby's Pumpkin 100% Pure", "cnid": "2808", "productId": "3996", "size": "29 oz can"},
{"thumb": "http://i4.peapod.com/c/KK/KKNHZ.gif", "price": "165", "unit_price": "$.11/ oz", "name": "Nature's Promise Organics Corn Whole Kernel", "cnid": "2808", "productId": "148087", "size": "15.2 oz can"},
{"thumb": "http://i4.peapod.com/c/KK/KKNHZ.gif", "price": "133", "unit_price": "$.09/ oz", "name": "Nature's Promise Organics Garbanzo Beans", "cnid": "2808", "productId": "137954", "size": "15.5 oz can"},
{"thumb": "http://i4.peapod.com/c/KK/KKNHZ.gif", "price": "165", "unit_price": "$.11/ oz", "name": "Nature's Promise Organics Green Beans Cut", "cnid": "2808", "productId": "148086", "size": "14.5 oz can"},
{"thumb": "http://i4.peapod.com/c/KK/KKNHZ.gif", "price": "165", "unit_price": "$.11/ oz", "name": "Nature's Promise Organics Sweet Peas", "cnid": "2808", "productId": "150965", "size": "15 oz can"},
{"thumb": "http://i4.peapod.com/c/KK/KKNHZ.gif", "price": "300", "unit_price": "$.21/ oz", "name": "Pastene Artichoke Hearts", "cnid": "2808", "productId": "56533", "size": "14 oz can"},
{"thumb": "http://i4.peapod.com/c/KK/KKNHZ.gif", "price": "100", "unit_price": "$.25/ oz", "name": "Pennsylvania Dutchman Mushrooms Stems & Pieces", "cnid": "2808", "productId": "8420", "size": "4 oz can"},
{"thumb": "http://i4.peapod.com/c/KK/KKNHZ.gif", "price": "350", "unit_price": "$.25/ oz", "name": "Reese Artichoke Hearts Quartered All Natural", "cnid": "2808", "productId": "34115", "size": "14 oz can"},
{"thumb": "http://i4.peapod.com/c/KK/KKNHZ.gif", "price": "439", "unit_price": "$.31/ oz", "name": "Reese Hearts of Palm", "cnid": "2808", "productId": "8183", "size": "14 oz can"},
{"thumb": "http://i4.peapod.com/c/KK/KKNHZ.gif", "price": "289", "unit_price": "$.21/ oz", "name": "Rienzi Artichoke Hearts in Brine", "cnid": "2808", "productId": "96054", "size": "14 oz can"},
{"thumb": "http://i4.peapod.com/c/KK/KKNHZ.gif", "price": "339", "unit_price": "$.28/ oz", "name": "Rienzi Artichoke Hearts Quartered & Marinated", "cnid": "2808", "productId": "159067", "size": "12 oz jar"},
{"thumb": "http://i4.peapod.com/c/KK/KKNHZ.gif", "price": "79", "unit_price": "$.05/ oz", "name": "Rienzi Chick Peas (Ceci)", "cnid": "2808", "productId": "96407", "size": "15 oz can"},
{"thumb": "http://i4.peapod.com/c/KK/KKNHZ.gif", "price": "399", "unit_price": "$.27/ oz", "name": "Roland Baby Corn Fancy Small Whole", "cnid": "2808", "productId": "163697", "size": "15 oz can"},
{"thumb": "http://i4.peapod.com/c/KK/KKNHZ.gif", "price": "379", "unit_price": "$.27/ oz", "name": "Roland Hearts of Palm Pre-Cut", "cnid": "2808", "productId": "146060", "size": "14 oz can"},
{"thumb": "http://i4.peapod.com/c/KK/KKNHZ.gif", "price": "339", "unit_price": "$.23/ oz", "name": "Roland Mushrooms Straw Whole Peeled", "cnid": "2808", "productId": "175193", "size": "15 oz can"},
{"thumb": "http://i4.peapod.com/c/KK/KKNHZ.gif", "price": "89", "unit_price": "$.11/ oz", "name": "Roland Water Chestnuts Sliced", "cnid": "2808", "productId": "175190", "size": "8 oz can"},
{"thumb": "http://i4.peapod.com/c/KK/KKNHZ.gif", "price": "200", "unit_price": "$.14/ oz", "name": "Stop & Shop Asparagus Spears Cut", "cnid": "2808", "productId": "148111", "size": "14.5 oz can"},
{"thumb": "http://i4.peapod.com/c/KK/KKNHZ.gif", "price": "75", "unit_price": "$.05/ oz", "name": "Stop & Shop Beets Sliced No Salt Added", "cnid": "2808", "productId": "56434", "size": "15 oz can"},
{"thumb": "http://i4.peapod.com/c/KK/KKNHZ.gif", "price": "133", "unit_price": "$.08/ oz", "name": "Stop & Shop Beets Sliced Pickled", "cnid": "2808", "productId": "56398", "size": "16 oz jar"},
{"thumb": "http://i4.peapod.com/c/KK/KKNHZ.gif", "price": "75", "unit_price": "$.05/ oz", "name": "Stop & Shop Carrots Sliced", "cnid": "2808", "productId": "56417", "size": "14.5 oz can"},
{"thumb": "http://i4.peapod.com/c/KK/KKNHZ.gif", "price": "75", "unit_price": "$.05/ oz", "name": "Stop & Shop Carrots Sliced No Salt Added", "cnid": "2808", "productId": "56418", "size": "14.5 oz can"},
{"thumb": "http://i4.peapod.com/c/KK/KKNHZ.gif", "price": "75", "unit_price": "$.05/ oz", "name": "Stop & Shop Corn Cream Style Golden", "cnid": "2808", "productId": "56396", "size": "14.7 oz can"},
{"thumb": "http://i4.peapod.com/c/KK/KKNHZ.gif", "price": "75", "unit_price": "$.05/ oz", "name": "Stop & Shop Corn Whole Kernel", "cnid": "2808", "productId": "56390", "size": "15.2 oz can"},
{"thumb": "http://i4.peapod.com/c/KK/KKNHZ.gif", "price": "75", "unit_price": "$.05/ oz", "name": "Stop & Shop Corn Whole Kernel No Salt Added", "cnid": "2808", "productId": "56395", "size": "15.2 oz can"},
{"thumb": "http://i4.peapod.com/c/KK/KKNHZ.gif", "price": "75", "unit_price": "$.05/ oz", "name": "Stop & Shop Corn Whole Kernel Sweet Crisp", "cnid": "2808", "productId": "79155", "size": "15.2 oz can"},
{"thumb": "http://i4.peapod.com/c/KK/KKNHZ.gif", "price": "75", "unit_price": "$.05/ oz", "name": "Stop & Shop Green Beans Cut", "cnid": "2808", "productId": "56384", "size": "14.5 oz can"},
{"thumb": "http://i4.peapod.com/c/KK/KKNHZ.gif", "price": "75", "unit_price": "$.05/ oz", "name": "Stop & Shop Green Beans Cut No Salt Added", "cnid": "2808", "productId": "72309", "size": "14.5 oz can"},
{"thumb": "http://i4.peapod.com/c/KK/KKNHZ.gif", "price": "75", "unit_price": "$.05/ oz", "name": "Stop & Shop Mixed Vegetables", "cnid": "2808", "productId": "56413", "size": "15 oz can"},
{"thumb": "http://i4.peapod.com/c/KK/KKNHZ.gif", "price": "109", "unit_price": "$.27/ oz", "name": "Stop & Shop Mushrooms Sliced", "cnid": "2808", "productId": "190299", "size": "4 oz can"},
{"thumb": "http://i4.peapod.com/c/KK/KKNHZ.gif", "price": "159", "unit_price": "$.20/ oz", "name": "Stop & Shop Mushrooms Stems & Pieces", "cnid": "2808", "productId": "56630", "size": "8 oz can"},
{"thumb": "http://i4.peapod.com/c/KK/KKNHZ.gif", "price": "159", "unit_price": "$.20/ oz", "name": "Stop & Shop Mushrooms Stems & Pieces No Salt Added", "cnid": "2808", "productId": "73441", "size": "8 oz can"},
{"thumb": "http://i4.peapod.com/c/KK/KKNHZ.gif", "price": "75", "unit_price": "$.05/ oz", "name": "Stop & Shop Potatoes Whole White No Salt", "cnid": "2808", "productId": "56439", "size": "15 oz can"},
{"thumb": "http://i4.peapod.com/c/KK/KKNHZ.gif", "price": "75", "unit_price": "$.06/ oz", "name": "Stop & Shop Spinach Whole Leaf", "cnid": "2808", "productId": "56381", "size": "13.5 oz can"},
{"thumb": "http://i4.peapod.com/c/KK/KKNHZ.gif", "price": "169", "unit_price": "$.12/ oz", "name": "Tiger Tiger Corn Baby in Water Cooked & Cut", "cnid": "2808", "productId": "157574", "size": "14.4 oz can"},
{"thumb": "http://i4.peapod.com/c/KK/KKNHZ.gif", "price": "159", "unit_price": "$.45/ oz", "name": "Brunswick Fish Fillets Herring Kippered Snacks", "cnid": "2791", "productId": "38684", "size": "3.53 oz can"},
{"thumb": "http://i4.peapod.com/c/KK/KKNHZ.gif", "price": "249", "unit_price": "$.25/ oz", "name": "Bumble Bee Premium Clams Baby Fancy Whole Select Wild", "cnid": "2791", "productId": "148297", "size": "10 oz can"},
{"thumb": "http://i4.peapod.com/c/KK/KKNHZ.gif", "price": "349", "unit_price": "$.24/ oz", "name": "Bumble Bee Salmon Pink Wild Alaska", "cnid": "2791", "productId": "9664", "size": "14.7 oz can"},
{"thumb": "http://i4.peapod.com/c/KK/KKNHZ.gif", "price": "799", "unit_price": "$.54/ oz", "name": "Bumble Bee Salmon Wild Alaska Red Sockeye", "cnid": "2791", "productId": "28082", "size": "14.7 oz can"},
{"thumb": "http://i4.peapod.com/c/KK/KKNHZ.gif", "price": "289", "unit_price": "$.72/ oz", "name": "Bumble Bee Shrimp Tiny", "cnid": "2791", "productId": "102307", "size": "4 oz can"},
{"thumb": "http://i4.peapod.com/c/KK/KKNHZ.gif", "price": "100", "unit_price": "$.20/ oz", "name": "Bumble Bee Tuna Chunk Light in Oil", "cnid": "2791", "productId": "9662", "size": "5 oz can"},
{"thumb": "http://i4.peapod.com/c/KK/KKNHZ.gif", "price": "100", "unit_price": "$.20/ oz", "name": "Bumble Bee Tuna Chunk Light in Water", "cnid": "2791", "productId": "9661", "size": "5 oz can"},
{"thumb": "http://i4.peapod.com/c/KK/KKNHZ.gif", "price": "379", "unit_price": "$.42/ oz", "name": "Bumble Bee Tuna Chunk Light in Water - 3 pk", "cnid": "2791", "productId": "29205", "size": "9 oz pkg"},
{"thumb": "http://i4.peapod.com/c/KK/KKNHZ.gif", "price": "529", "unit_price": "$.26/ oz", "name": "Bumble Bee Tuna Chunk Light in Water - 4 pk", "cnid": "2791", "productId": "123993", "size": "20 oz pkg"},
{"thumb": "http://i4.peapod.com/c/KK/KKNHZ.gif", "price": "100", "unit_price": "$.40/ oz", "name": "Bumble Bee Tuna Chunk Light in Water Pouch", "cnid": "2791", "productId": "124636", "size": "2.5 oz pkg"},
{"thumb": "http://i4.peapod.com/c/KK/KKNHZ.gif", "price": "199", "unit_price": "$.40/ oz", "name": "Bumble Bee Tuna Chunk White Albacore in Water", "cnid": "2791", "productId": "9659", "size": "5 oz can"},
{"thumb": "http://i4.peapod.com/c/KK/KKNHZ.gif", "price": "369", "unit_price": "$.74/ oz", "name": "Bumble Bee Tuna Chunk White Albacore in Water Pouch", "cnid": "2791", "productId": "124637", "size": "5 oz pkg"},
{"thumb": "http://i4.peapod.com/c/KK/KKNHZ.gif", "price": "250", "unit_price": "$.50/ oz", "name": "Bumble Bee Tuna Chunk White Albacore Very Low Sodium in Water", "cnid": "2791", "productId": "32753", "size": "5 oz can"},
{"thumb": "http://i4.peapod.com/c/KK/KKNHZ.gif", "price": "201", "unit_price": "$.80/ oz", "name": "Bumble Bee Tuna Premium Albacore in Water", "cnid": "2791", "productId": "128702", "size": "2.5 oz pkg"},
{"thumb": "http://i4.peapod.com/c/KK/KKNHZ.gif", "price": "250", "unit_price": "$.50/ oz", "name": "Bumble Bee Tuna Prime Fillet Solid White Albacore in Water", "cnid": "2791", "productId": "155924", "size": "5 oz can"},
{"thumb": "http://i4.peapod.com/c/KK/KKNHZ.gif", "price": "133", "unit_price": "$.27/ oz", "name": "Bumble Bee Tuna Solid White Albacore in Oil", "cnid": "2791", "productId": "9658", "size": "5 oz can"},
{"thumb": "http://i4.peapod.com/c/KK/KKNHZ.gif", "price": "739", "unit_price": "$.37/ oz", "name": "Bumble Bee Tuna Solid White Albacore in Oil - 4 pk", "cnid": "2791", "productId": "145019", "size": "20 oz pkg"},
{"thumb": "http://i4.peapod.com/c/KK/KKNHZ.gif", "price": "469", "unit_price": "$.39/ oz", "name": "Bumble Bee Tuna Solid White Albacore in Water", "cnid": "2791", "productId": "9655", "size": "12 oz can"},
{"thumb": "http://i4.peapod.com/c/KK/KKNHZ.gif", "price": "133", "unit_price": "$.27/ oz", "name": "Bumble Bee Tuna Solid White Albacore in Water", "cnid": "2791", "productId": "9656", "size": "5 oz can"},
{"thumb": "http://i4.peapod.com/c/KK/KKNHZ.gif", "price": "739", "unit_price": "$.37/ oz", "name": "Bumble Bee Tuna Solid White Albacore in Water - 4 pk", "cnid": "2791", "productId": "50590", "size": "20 oz pkg"},
{"thumb": "http://i4.peapod.com/c/KK/KKNHZ.gif", "price": "189", "unit_price": "$.94/ oz", "name": "Cento Anchovy Fillets Flat in Olive Oil", "cnid": "2791", "productId": "78291", "size": "2 oz can"},
{"thumb": "http://i4.peapod.com/c/KK/KKNHZ.gif", "price": "225", "unit_price": "$.15/ oz", "name": "Chicken of the Sea Jack Mackerel", "cnid": "2791", "productId": "14459", "size": "15 oz can"},
{"thumb": "http://i4.peapod.com/c/KK/KKNHZ.gif", "price": "149", "unit_price": "$.30/ oz", "name": "Chicken of the Sea Tuna Chunk Light in Water", "cnid": "2791", "productId": "6722", "size": "5 oz can"},
{"thumb": "http://i4.peapod.com/c/KK/KKNHZ.gif", "price": "469", "unit_price": "$.23/ oz", "name": "Chicken of the Sea Tuna Chunk Light in Water - 4 pk", "cnid": "2791", "productId": "130838", "size": "20 oz pkg"},
{"thumb": "http://i4.peapod.com/c/KK/KKNHZ.gif", "price": "189", "unit_price": "$.38/ oz", "name": "Chicken of the Sea Tuna Solid White Albacore in Oil", "cnid": "2791", "productId": "162819", "size": "5 oz can"},
{"thumb": "http://i4.peapod.com/c/KK/KKNHZ.gif", "price": "189", "unit_price": "$.38/ oz", "name": "Chicken of the Sea Tuna Solid White Albacore in Water", "cnid": "2791", "productId": "1304", "size": "5 oz can"},
{"thumb": "http://i4.peapod.com/c/KK/KKNHZ.gif", "price": "739", "unit_price": "$.37/ oz", "name": "Chicken of the Sea Tuna Solid White Albacore in Water - 4 pk", "cnid": "2791", "productId": "126084", "size": "20 oz pkg"},
{"thumb": "http://i4.peapod.com/c/KK/KKNHZ.gif", "price": "200", "unit_price": "$.40/ oz", "name": "Genova Tuna Solid Light in Olive Oil", "cnid": "2791", "productId": "86150", "size": "5 oz can"},
{"thumb": "http://i4.peapod.com/c/KK/KKNHZ.gif", "price": "199", "unit_price": "$.47/ oz", "name": "Goya Sardines in Olive Oil", "cnid": "2791", "productId": "157585", "size": "4.25 oz box"},
{"thumb": "http://i4.peapod.com/c/KK/KKNHZ.gif", "price": "329", "unit_price": "$.88/ oz", "name": "King Oscar Sardines in Olive Oil", "cnid": "2791", "productId": "3265", "size": "3.75 oz can"},
{"thumb": "http://i4.peapod.com/c/KK/KKNHZ.gif", "price": "150", "unit_price": "$.40/ oz", "name": "King Oscar Sardines One Layer in Water", "cnid": "2791", "productId": "43849", "size": "3.75 oz can"},
{"thumb": "http://i4.peapod.com/c/KK/KKNHZ.gif", "price": "799", "unit_price": "$.33/ oz", "name": "Manischewitz Gefilte Fish in Jelled Broth", "cnid": "2791", "productId": "8782", "size": "24 oz jar"},
{"thumb": "http://i4.peapod.com/c/KK/KKNHZ.gif", "price": "799", "unit_price": "$.33/ oz", "name": "Manischewitz Whitefish & Pike in Liquid Broth", "cnid": "2791", "productId": "8785", "size": "24 oz jar"},
{"thumb": "http://i4.peapod.com/c/KK/KKNHZ.gif", "price": "679", "unit_price": "$.28/ oz", "name": "Mrs. Adler's Gefilte Fish No MSG", "cnid": "2791", "productId": "76755", "size": "24 oz jar"},
{"thumb": "http://i4.peapod.com/c/KK/KKNHZ.gif", "price": "679", "unit_price": "$.28/ oz", "name": "Mrs. Adler's Pike 'N Whitefish No MSG", "cnid": "2791", "productId": "40450", "size": "24 oz jar"},
{"thumb": "http://i4.peapod.com/c/KK/KKNHZ.gif", "price": "165", "unit_price": "$.33/ oz", "name": "Nature's Promise Naturals Tuna Chunk Light in Water", "cnid": "2791", "productId": "137956", "size": "5 oz can"},
{"thumb": "http://i4.peapod.com/c/KK/KKNHZ.gif", "price": "200", "unit_price": "$1.00/ oz", "name": "Pastene Anchovy Fillets Flat", "cnid": "2791", "productId": "38113", "size": "2 oz can"},
{"thumb": "http://i4.peapod.com/c/KK/KKNHZ.gif", "price": "199", "unit_price": "$.40/ oz", "name": "Pastene Tuna Fancy Light in Olive Oil", "cnid": "2791", "productId": "61083", "size": "5 oz can"},
{"thumb": "http://i4.peapod.com/c/KK/KKNHZ.gif", "price": "169", "unit_price": "$.85/ oz", "name": "Roland Anchovies Flat Fillets in Olive Oil Salt Added", "cnid": "2791", "productId": "163695", "size": "2 oz can"},
{"thumb": "http://i4.peapod.com/c/KK/KKNHZ.gif", "price": "249", "unit_price": "$.83/ oz", "name": "Roland Baby Clams Smoked Hand Packed Naturally", "cnid": "2791", "productId": "176246", "size": "3 oz pkg"},
{"thumb": "http://i4.peapod.com/c/KK/KKNHZ.gif", "price": "249", "unit_price": "$.83/ oz", "name": "Roland Mussels Naturally Smoked", "cnid": "2791", "productId": "175196", "size": "3 oz can"},
{"thumb": "http://i4.peapod.com/c/KK/KKNHZ.gif", "price": "729", "unit_price": "$.49/ oz", "name": "Rubenstein's Salmon Red Sockeye", "cnid": "2791", "productId": "148156", "size": "14.7 oz can"},
{"thumb": "http://i4.peapod.com/c/KK/KKNHZ.gif", "price": "399", "unit_price": "$.53/ oz", "name": "Rubinstein's Salmon Fancy Red Blueback", "cnid": "2791", "productId": "36433", "size": "7.5 oz can"},
{"thumb": "http://i4.peapod.com/c/KK/KKNHZ.gif", "price": "299", "unit_price": "$.80/ oz", "name": "Rubinstein's Salmon Fancy Red Blueback", "cnid": "2791", "productId": "36434", "size": "3.75 oz can"},
{"thumb": "http://i4.peapod.com/c/KK/KKNHZ.gif", "price": "250", "unit_price": "$1.25/ oz", "name": "Season Anchovies Fillets Flat in Pure Olive Oil Salt Added", "cnid": "2791", "productId": "40451", "size": "2 oz can"},
{"thumb": "http://i4.peapod.com/c/KK/KKNHZ.gif", "price": "250", "unit_price": "$.67/ oz", "name": "Season Sardines Boneless & Skinless in Pure Olive Oil", "cnid": "2791", "productId": "149541", "size": "3.75 oz can"},
{"thumb": "http://i4.peapod.com/c/KK/KKNHZ.gif", "price": "499", "unit_price": "$1.33/ oz", "name": "Season Sardines Brisling in Olive Oil", "cnid": "2791", "productId": "99196", "size": "3.75 oz can"},
{"thumb": "http://i4.peapod.com/c/KK/KKNHZ.gif", "price": "300", "unit_price": "$.69/ oz", "name": "Season Sardines Imported Boneless Skinless in Pure Olive Oil Salt Added", "cnid": "2791", "productId": "117598", "size": "4.37 oz can"},
{"thumb": "http://i4.peapod.com/c/KK/KKNHZ.gif", "price": "150", "unit_price": "$.34/ oz", "name": "Season Sardines in Tomato Sauce", "cnid": "2791", "productId": "149550", "size": "4.37 oz can"},
{"thumb": "http://i4.peapod.com/c/KK/KKNHZ.gif", "price": "239", "unit_price": "$.30/ oz", "name": "Snow's Clam Juice All Natural", "cnid": "2791", "productId": "76659", "size": "8 oz btl"},
{"thumb": "http://i4.peapod.com/c/KK/KKNHZ.gif", "price": "199", "unit_price": "$.31/ oz", "name": "Snow's Clams Chopped in Clam Juice", "cnid": "2791", "productId": "19828", "size": "6.5 oz can"},
{"thumb": "http://i4.peapod.com/c/KK/KKNHZ.gif", "price": "199", "unit_price": "$.31/ oz", "name": "Snow's Clams Minced in Clam Juice", "cnid": "2791", "productId": "19827", "size": "6.5 oz can"},
{"thumb": "http://i4.peapod.com/c/KK/KKNHZ.gif", "price": "200", "unit_price": "$.77/ oz", "name": "StarKist Albacore White Tuna in Water Low Sodium", "cnid": "2791", "productId": "174156", "size": "2.6 oz pkg"},
{"thumb": "http://i4.peapod.com/c/KK/KKNHZ.gif", "price": "149", "unit_price": "$.30/ oz", "name": "StarKist Tuna Chunk Light in Water", "cnid": "2791", "productId": "9581", "size": "5 oz can"},
{"thumb": "http://i4.peapod.com/c/KK/KKNHZ.gif", "price": "313", "unit_price": "$.49/ oz", "name": "StarKist Tuna Chunk Light in Water", "cnid": "2791", "productId": "123361", "size": "6.4 oz pkg"},
{"thumb": "http://i4.peapod.com/c/KK/KKNHZ.gif", "price": "125", "unit_price": "$.48/ oz", "name": "StarKist Tuna Chunk Premium Light in Water", "cnid": "2791", "productId": "123971", "size": "2.6 oz pkg"},
{"thumb": "http://i4.peapod.com/c/KK/KKNHZ.gif", "price": "100", "unit_price": "$.20/ oz", "name": "StarKist Tuna Chunk White Albacore in Water", "cnid": "2791", "productId": "19467", "size": "5 oz can"},
{"thumb": "http://i4.peapod.com/c/KK/KKNHZ.gif", "price": "219", "unit_price": "$.44/ oz", "name": "StarKist Tuna Solid White Albacore in Water", "cnid": "2791", "productId": "9578", "size": "5 oz can"},
{"thumb": "http://i4.peapod.com/c/KK/KKNHZ.gif", "price": "299", "unit_price": "$.47/ oz", "name": "StarKist Tuna White Albacore in Water", "cnid": "2791", "productId": "123359", "size": "6.4 oz pkg"},
{"thumb": "http://i4.peapod.com/c/KK/KKNHZ.gif", "price": "200", "unit_price": "$.77/ oz", "name": "StarKist Tuna White Albacore in Water", "cnid": "2791", "productId": "123972", "size": "2.6 oz pkg"},
{"thumb": "http://i4.peapod.com/c/KK/KKNHZ.gif", "price": "194", "unit_price": "$.39/ oz", "name": "Stop & Shop Premium Tuna Solid White Albacore in Water", "cnid": "2791", "productId": "56813", "size": "5 oz can"},
{"thumb": "http://i4.peapod.com/c/KK/KKNHZ.gif", "price": "399", "unit_price": "$.80/ oz", "name": "Wild Planet Tuna Wild Albacore Low Mercury Sustainably Caught", "cnid": "2791", "productId": "159889", "size": "5 oz can"},
{"thumb": "http://i4.peapod.com/c/KK/KKNHZ.gif", "price": "129", "unit_price": "$.26/ oz", "name": "Carmela Salchichas Chicken Sausage & Bouillon", "cnid": "2730", "productId": "157607", "size": "5 oz can"},
{"thumb": "http://i4.peapod.com/c/KK/KKNHZ.gif", "price": "300", "unit_price": "$.25/ oz", "name": "Hormel Spam", "cnid": "2730", "productId": "3828", "size": "12 oz can"},
{"thumb": "http://i4.peapod.com/c/KK/KKNHZ.gif", "price": "569", "unit_price": "$.47/ oz", "name": "Libby's Corned Beef", "cnid": "2730", "productId": "78641", "size": "12 oz can"},
{"thumb": "http://i4.peapod.com/c/KK/KKNHZ.gif", "price": "85", "unit_price": "$.19/ oz", "name": "Libby's Vienna Sausage", "cnid": "2730", "productId": "38173", "size": "4.6 oz can"},
{"thumb": "http://i4.peapod.com/c/KK/KKNHZ.gif", "price": "299", "unit_price": "$.30/ oz", "name": "Stop & Shop Premium Chicken Chunk White in Water", "cnid": "2730", "productId": "162816", "size": "10 oz can"},
{"thumb": "http://i4.peapod.com/c/KK/KKNHZ.gif", "price": "239", "unit_price": "$.53/ oz", "name": "Swanson Chicken Breast Premium Chunk White in Water 98% Fat Free", "cnid": "2730", "productId": "7134", "size": "4.5 oz can"},
{"thumb": "http://i4.peapod.com/c/KK/KKNHZ.gif", "price": "429", "unit_price": "$.34/ oz", "name": "Swanson Premium White Chicken Breast Chunk in Water 98% Fat Free", "cnid": "2730", "productId": "26245", "size": "12.5 oz can"},
{"thumb": "http://i4.peapod.com/c/KK/KKNHZ.gif", "price": "199", "unit_price": "$.47/ oz", "name": "Underwood Chicken Spread White Meat", "cnid": "2730", "productId": "6710", "size": "4.25 oz can"},
{"thumb": "http://i4.peapod.com/c/KK/KKNHZ.gif", "price": "199", "unit_price": "$.47/ oz", "name": "Underwood Deviled Ham Spread", "cnid": "2730", "productId": "6709", "size": "4.25 oz can"},
{"thumb": "http://i4.peapod.com/c/KK/KKNHZ.gif", "price": "379", "unit_price": "$.38/ oz", "name": "Valley Fresh Chicken Breast White In Water 98% Fat Free 100% Natural", "cnid": "2730", "productId": "155816", "size": "10 oz can"},
{"thumb": "http://i4.peapod.com/c/KK/KKNHZ.gif", "price": "139", "unit_price": "$.17/ oz", "name": "Del Monte Fruit Cocktail in Extra Light Syrup 100 Calorie", "cnid": "2721", "productId": "14231", "size": "8.25 oz can"},
{"thumb": "http://i4.peapod.com/c/KK/KKNHZ.gif", "price": "219", "unit_price": "$.15/ oz", "name": "Del Monte Fruit Cocktail in Extra Light Syrup Lite", "cnid": "2721", "productId": "2182", "size": "15 oz can"},
{"thumb": "http://i4.peapod.com/c/KK/KKNHZ.gif", "price": "219", "unit_price": "$.14/ oz", "name": "Del Monte Fruit Cocktail in Heavy Syrup", "cnid": "2721", "productId": "2145", "size": "15.2 oz can"},
{"thumb": "http://i4.peapod.com/c/KK/KKNHZ.gif", "price": "339", "unit_price": "$.21/ oz", "name": "Del Monte Fruit Cups Cherry Mixed in Light Syrup - 4 ct", "cnid": "2721", "productId": "114942", "size": "16 oz pkg"},
{"thumb": "http://i4.peapod.com/c/KK/KKNHZ.gif", "price": "339", "unit_price": "$.21/ oz", "name": "Del Monte Fruit Cups Mandarin Oranges in Light Syrup - 4 ct", "cnid": "2721", "productId": "128006", "size": "16 oz pkg"},
{"thumb": "http://i4.peapod.com/c/KK/KKNHZ.gif", "price": "339", "unit_price": "$.21/ oz", "name": "Del Monte Fruit Cups Mandarin Oranges No Sugar Added with Splenda - 4 ct", "cnid": "2721", "productId": "156076", "size": "16 oz pkg"},
{"thumb": "http://i4.peapod.com/c/KK/KKNHZ.gif", "price": "339", "unit_price": "$.21/ oz", "name": "Del Monte Fruit Cups Mixed Fruit in Light Syrup - 4 ct", "cnid": "2721", "productId": "114945", "size": "16 oz pkg"},
{"thumb": "http://i4.peapod.com/c/KK/KKNHZ.gif", "price": "339", "unit_price": "$.21/ oz", "name": "Del Monte Fruit Cups Peaches Diced in Light Syrup - 4 ct", "cnid": "2721", "productId": "114944", "size": "16 oz pkg"},
{"thumb": "http://i4.peapod.com/c/KK/KKNHZ.gif", "price": "339", "unit_price": "$.23/ oz", "name": "Del Monte Fruit Cups Peaches Diced No Sugar Added - 4 ct", "cnid": "2721", "productId": "155933", "size": "15 oz pkg"},
{"thumb": "http://i4.peapod.com/c/KK/KKNHZ.gif", "price": "339", "unit_price": "$.21/ oz", "name": "Del Monte Fruit Cups Pears Diced No Sugar Added - 4 ct", "cnid": "2721", "productId": "160686", "size": "16 oz pkg"},
{"thumb": "http://i4.peapod.com/c/KK/KKNHZ.gif", "price": "339", "unit_price": "$.21/ oz", "name": "Del Monte Fruit Cups Tropical Fruit in Lightly Sweetened Fruit Juices-4 ct", "cnid": "2721", "productId": "124481", "size": "16 oz pkg"},
{"thumb": "http://i4.peapod.com/c/KK/KKNHZ.gif", "price": "219", "unit_price": "$.15/ oz", "name": "Del Monte Mandarin Orange Segments No Sugar Added with Splenda", "cnid": "2721", "productId": "156075", "size": "15 oz can"},
{"thumb": "http://i4.peapod.com/c/KK/KKNHZ.gif", "price": "139", "unit_price": "$.17/ oz", "name": "Del Monte Peaches Raspberry Flavored Chunky in Light Syrup", "cnid": "2721", "productId": "93164", "size": "8.25 oz can"},
{"thumb": "http://i4.peapod.com/c/KK/KKNHZ.gif", "price": "219", "unit_price": "$.15/ oz", "name": "Del Monte Peaches Sliced in 100% Juice", "cnid": "2721", "productId": "12031", "size": "15 oz can"},
{"thumb": "http://i4.peapod.com/c/KK/KKNHZ.gif", "price": "139", "unit_price": "$.17/ oz", "name": "Del Monte Peaches Sliced in Extra Light Syrup 100 Calorie", "cnid": "2721", "productId": "2190", "size": "8.25 oz can"},
{"thumb": "http://i4.peapod.com/c/KK/KKNHZ.gif", "price": "219", "unit_price": "$.15/ oz", "name": "Del Monte Peaches Sliced No Sugar Added Sweetened with Splenda", "cnid": "2721", "productId": "155932", "size": "14.5 oz can"},
{"thumb": "http://i4.peapod.com/c/KK/KKNHZ.gif", "price": "219", "unit_price": "$.14/ oz", "name": "Del Monte Peaches Yellow Cling Sliced in Heavy Syrup", "cnid": "2721", "productId": "2144", "size": "15.2 oz can"},
{"thumb": "http://i4.peapod.com/c/KK/KKNHZ.gif", "price": "219", "unit_price": "$.15/ oz", "name": "Del Monte Pears Sliced in Extra Light Syrup", "cnid": "2721", "productId": "79915", "size": "15 oz can"},
{"thumb": "http://i4.peapod.com/c/KK/KKNHZ.gif", "price": "319", "unit_price": "$.20/ oz", "name": "Dole Fruit Bowls Apples Diced in Light Syrup - 4 ct", "cnid": "2721", "productId": "152117", "size": "16 oz pkg"},
{"thumb": "http://i4.peapod.com/c/KK/KKNHZ.gif", "price": "319", "unit_price": "$.20/ oz", "name": "Dole Fruit Bowls Mandarin Oranges in Light Syrup - 4 ct", "cnid": "2721", "productId": "122991", "size": "16 oz pkg"},
{"thumb": "http://i4.peapod.com/c/KK/KKNHZ.gif", "price": "319", "unit_price": "$.20/ oz", "name": "Dole Fruit Bowls Mixed Fruit in 100% Juice - 4 ct", "cnid": "2721", "productId": "113266", "size": "16 oz pkg"},
{"thumb": "http://i4.peapod.com/c/KK/KKNHZ.gif", "price": "319", "unit_price": "$.20/ oz", "name": "Dole Fruit Bowls Peaches Yellow Cling Diced in 100% Juice - 4 ct", "cnid": "2721", "productId": "113268", "size": "16 oz pkg"},
{"thumb": "http://i4.peapod.com/c/KK/KKNHZ.gif", "price": "319", "unit_price": "$.20/ oz", "name": "Dole Fruit Bowls Pears Diced in 100% Juice - 4 ct", "cnid": "2721", "productId": "131307", "size": "16 oz pkg"},
{"thumb": "http://i4.peapod.com/c/KK/KKNHZ.gif", "price": "319", "unit_price": "$.20/ oz", "name": "Dole Fruit Bowls Red Grapefruit Sunrise in 100% Fruit Juice Blend - 4 ct", "cnid": "2721", "productId": "186385", "size": "16 oz pkg"},
{"thumb": "http://i4.peapod.com/c/KK/KKNHZ.gif", "price": "319", "unit_price": "$.20/ oz", "name": "Dole Fruit Bowls Tropical Fruit in Lightly Sweetened Juice - 4 ct", "cnid": "2721", "productId": "112647", "size": "16 oz pkg"},
{"thumb": "http://i4.peapod.com/c/KK/KKNHZ.gif", "price": "239", "unit_price": "$.30/ oz", "name": "Dole Fruit Crisp Bowls Apple Cinnamon - 2 ct", "cnid": "2721", "productId": "158398", "size": "8 oz pkg"},
{"thumb": "http://i4.peapod.com/c/KK/KKNHZ.gif", "price": "239", "unit_price": "$.30/ oz", "name": "Dole Fruit Crisp Bowls Apple Pear - 2 ct", "cnid": "2721", "productId": "158399", "size": "8 oz pkg"},
{"thumb": "http://i4.peapod.com/c/KK/KKNHZ.gif", "price": "319", "unit_price": "$.20/ oz", "name": "Dole Fruit Cups Pineapple Tidbits in Pineapple Juice - 4 ct", "cnid": "2721", "productId": "112648", "size": "16 oz pkg"},
{"thumb": "http://i4.peapod.com/c/KK/KKNHZ.gif", "price": "319", "unit_price": "$.19/ oz", "name": "Dole Fruit Gel Bowls Peaches in Strawberry Gel - 4 ct", "cnid": "2721", "productId": "124129", "size": "17.2 oz pkg"},
{"thumb": "http://i4.peapod.com/c/KK/KKNHZ.gif", "price": "319", "unit_price": "$.21/ oz", "name": "Dole Fruit Gel Bowls Pineapple in Strawberry Gel Sugar Free - 4 ct", "cnid": "2721", "productId": "156077", "size": "15 oz pkg"},
{"thumb": "http://i4.peapod.com/c/KK/KKNHZ.gif", "price": "125", "unit_price": "$.08/ oz", "name": "Dole Mandarin Orange Segments in Light Syrup", "cnid": "2721", "productId": "95832", "size": "15 oz can"},
{"thumb": "http://i4.peapod.com/c/KK/KKNHZ.gif", "price": "139", "unit_price": "$.13/ oz", "name": "Dole Mandarin Oranges in Light Syrup", "cnid": "2721", "productId": "3977", "size": "11 oz can"},
{"thumb": "http://i4.peapod.com/c/KK/KKNHZ.gif", "price": "319", "unit_price": "$.19/ oz", "name": "Dole Parfait Fruit Bowls Peaches & Creme Low Fat - 4 ct", "cnid": "2721", "productId": "140270", "size": "17.2 oz pkg"},
{"thumb": "http://i4.peapod.com/c/KK/KKNHZ.gif", "price": "95", "unit_price": "$.12/ oz", "name": "Dole Pineapple Chunks in 100% Pineapple Juice", "cnid": "2721", "productId": "3966", "size": "8 oz can"},
{"thumb": "http://i4.peapod.com/c/KK/KKNHZ.gif", "price": "125", "unit_price": "$.06/ oz", "name": "Dole Pineapple Chunks in 100% Pineapple Juice", "cnid": "2721", "productId": "3967", "size": "20 oz can"},
{"thumb": "http://i4.peapod.com/c/KK/KKNHZ.gif", "price": "125", "unit_price": "$.06/ oz", "name": "Dole Pineapple Crushed in 100% Pineapple Juice", "cnid": "2721", "productId": "3968", "size": "20 oz can"},
{"thumb": "http://i4.peapod.com/c/KK/KKNHZ.gif", "price": "125", "unit_price": "$.06/ oz", "name": "Dole Pineapple Slices in 100% Pineapple Juice", "cnid": "2721", "productId": "3964", "size": "20 oz can"},
{"thumb": "http://i4.peapod.com/c/KK/KKNHZ.gif", "price": "125", "unit_price": "$.06/ oz", "name": "Dole Pineapple Tidbits in 100% Pineapple Juice", "cnid": "2721", "productId": "76934", "size": "20 oz can"},
{"thumb": "http://i4.peapod.com/c/KK/KKNHZ.gif", "price": "219", "unit_price": "$.15/ oz", "name": "Libby's Fruit Mix Tropical Chunky in Light Syrup & Passion Fruit Juice", "cnid": "2721", "productId": "156574", "size": "15 oz can"},
{"thumb": "http://i4.peapod.com/c/KK/KKNHZ.gif", "price": "219", "unit_price": "$.15/ oz", "name": "Libby's Skinny Fruits Mandarin Orange Segments No Added Sugar with Splenda", "cnid": "2721", "productId": "155947", "size": "15 oz can"},
{"thumb": "http://i4.peapod.com/c/KK/KKNHZ.gif", "price": "299", "unit_price": "$.23/ oz", "name": "Materne GoGo Squeez Apple Sauce on the Go Pouches Apple - 4 ct", "cnid": "2721", "productId": "154561", "size": "12.7 oz pkg"},
{"thumb": "http://i4.peapod.com/c/KK/KKNHZ.gif", "price": "299", "unit_price": "$.23/ oz", "name": "Materne GoGo Squeez Apple Sauce on the Go Pouches Apple Cinnamon - 4 ct", "cnid": "2721", "productId": "183872", "size": "12.7 oz pkg"},
{"thumb": "http://i4.peapod.com/c/KK/KKNHZ.gif", "price": "249", "unit_price": "$.10/ oz", "name": "Mott's Apple Sauce Cinnamon", "cnid": "2721", "productId": "869", "size": "24 oz jar"},
{"thumb": "http://i4.peapod.com/c/KK/KKNHZ.gif", "price": "299", "unit_price": "$.12/ oz", "name": "Mott's Apple Sauce Cups Cinnamon - 6 ct", "cnid": "2721", "productId": "874", "size": "24 oz pkg"},
{"thumb": "http://i4.peapod.com/c/KK/KKNHZ.gif", "price": "299", "unit_price": "$.13/ oz", "name": "Mott's Apple Sauce Cups No Sugar Added Natural - 6 ct", "cnid": "2721", "productId": "870", "size": "23.4 oz pkg"},
{"thumb": "http://i4.peapod.com/c/KK/KKNHZ.gif", "price": "299", "unit_price": "$.12/ oz", "name": "Mott's Apple Sauce Cups Original - 6 ct", "cnid": "2721", "productId": "871", "size": "24 oz pkg"},
{"thumb": "http://i4.peapod.com/c/KK/KKNHZ.gif", "price": "299", "unit_price": "$.12/ oz", "name": "Mott's Apple Sauce Cups Strawberry - 6 ct", "cnid": "2721", "productId": "26545", "size": "24 oz pkg"},
{"thumb": "http://i4.peapod.com/c/KK/KKNHZ.gif", "price": "249", "unit_price": "$.11/ oz", "name": "Mott's Apple Sauce No Sugar Added Natural", "cnid": "2721", "productId": "866", "size": "23 oz jar"},
{"thumb": "http://i4.peapod.com/c/KK/KKNHZ.gif", "price": "339", "unit_price": "$.07/ oz", "name": "Mott's Apple Sauce No Sugar Added Natural", "cnid": "2721", "productId": "883", "size": "46 oz jar"},
{"thumb": "http://i4.peapod.com/c/KK/KKNHZ.gif", "price": "249", "unit_price": "$.10/ oz", "name": "Mott's Apple Sauce Original", "cnid": "2721", "productId": "865", "size": "24 oz jar"},
{"thumb": "http://i4.peapod.com/c/KK/KKNHZ.gif", "price": "339", "unit_price": "$.07/ oz", "name": "Mott's Apple Sauce Original", "cnid": "2721", "productId": "872", "size": "48 oz jar"},
{"thumb": "http://i4.peapod.com/c/KK/KKNHZ.gif", "price": "299", "unit_price": "$.13/ oz", "name": "Mott's Healthy Harvest Apple Sauce Cups Blueberry Delight - 6 ct", "cnid": "2721", "productId": "20975", "size": "23.4 oz pkg"},
{"thumb": "http://i4.peapod.com/c/KK/KKNHZ.gif", "price": "299", "unit_price": "$.13/ oz", "name": "Mott's Healthy Harvest Apple Sauce Cups Peach - 6 ct", "cnid": "2721", "productId": "125308", "size": "23.4 oz pkg"},
{"thumb": "http://i4.peapod.com/c/KK/KKNHZ.gif", "price": "449", "unit_price": "$.09/ oz", "name": "Musselman's Apple Sauce Cinnamon Easy Grip", "cnid": "2721", "productId": "111622", "size": "48 oz jar"},
{"thumb": "http://i4.peapod.com/c/KK/KKNHZ.gif", "price": "339", "unit_price": "$.14/ oz", "name": "Musselman's Apple Sauce Cups Cinnamon - 6 ct", "cnid": "2721", "productId": "73255", "size": "24 oz pkg"},
{"thumb": "http://i4.peapod.com/c/KK/KKNHZ.gif", "price": "339", "unit_price": "$.14/ oz", "name": "Musselman's Apple Sauce Cups Cinnamon No Sugar Added w/Splenda Lite - 6 ct", "cnid": "2721", "productId": "161964", "size": "24 oz pkg"},
{"thumb": "http://i4.peapod.com/c/KK/KKNHZ.gif", "price": "299", "unit_price": "$.19/ oz", "name": "Nature's Promise Organics Apple Sauce Cups Cinnamon - 4 ct", "cnid": "2721", "productId": "147646", "size": "16 oz pkg"},
{"thumb": "http://i4.peapod.com/c/KK/KKNHZ.gif", "price": "299", "unit_price": "$.19/ oz", "name": "Nature's Promise Organics Apple Sauce Cups Unsweetened - 4 ct", "cnid": "2721", "productId": "147645", "size": "16 oz pkg"},
{"thumb": "http://i4.peapod.com/c/KK/KKNHZ.gif", "price": "329", "unit_price": "$.13/ oz", "name": "Nature's Promise Organics Apple Sauce Unsweetened", "cnid": "2721", "productId": "147644", "size": "25 oz jar"},
{"thumb": "http://i4.peapod.com/c/KK/KKNHZ.gif", "price": "219", "unit_price": "$.16/ oz", "name": "Ocean Spray Cranberry Sauce Jellied", "cnid": "2721", "productId": "3020", "size": "14 oz can"},
{"thumb": "http://i4.peapod.com/c/KK/KKNHZ.gif", "price": "219", "unit_price": "$.16/ oz", "name": "Ocean Spray Cranberry Sauce Whole Berry", "cnid": "2721", "productId": "3022", "size": "14 oz can"},
{"thumb": "http://i4.peapod.com/c/KK/KKNHZ.gif", "price": "150", "unit_price": "$.15/ oz", "name": "Polar Mandarin Orange Segments in Light Syrup", "cnid": "2721", "productId": "162476", "size": "10 oz jar"},
{"thumb": "http://i4.peapod.com/c/KK/KKNHZ.gif", "price": "150", "unit_price": "$.15/ oz", "name": "Polar Premium Select Fruit Cocktail in Light Syrup", "cnid": "2721", "productId": "155963", "size": "10 oz jar"},
{"thumb": "http://i4.peapod.com/c/KK/KKNHZ.gif", "price": "150", "unit_price": "$.15/ oz", "name": "Polar Premium Select Peaches Sliced in Light Syrup", "cnid": "2721", "productId": "159769", "size": "10 oz jar"},
{"thumb": "http://i4.peapod.com/c/KK/KKNHZ.gif", "price": "199", "unit_price": "$.08/ oz", "name": "Stop & Shop Apple Sauce", "cnid": "2721", "productId": "57726", "size": "25 oz jar"},
{"thumb": "http://i4.peapod.com/c/KK/KKNHZ.gif", "price": "199", "unit_price": "$.08/ oz", "name": "Stop & Shop Apple Sauce Chunky", "cnid": "2721", "productId": "57727", "size": "25 oz jar"},
{"thumb": "http://i4.peapod.com/c/KK/KKNHZ.gif", "price": "239", "unit_price": "$.10/ oz", "name": "Stop & Shop Apple Sauce Cups - 6 ct", "cnid": "2721", "productId": "57721", "size": "24 oz pkg"},
{"thumb": "http://i4.peapod.com/c/KK/KKNHZ.gif", "price": "239", "unit_price": "$.10/ oz", "name": "Stop & Shop Apple Sauce Cups Cinnamon - 6 ct", "cnid": "2721", "productId": "57723", "size": "24 oz pkg"},
{"thumb": "http://i4.peapod.com/c/KK/KKNHZ.gif", "price": "239", "unit_price": "$.10/ oz", "name": "Stop & Shop Apple Sauce Cups Unsweetened Natural - 6 ct", "cnid": "2721", "productId": "57722", "size": "24 oz pkg"},
{"thumb": "http://i4.peapod.com/c/KK/KKNHZ.gif", "price": "199", "unit_price": "$.08/ oz", "name": "Stop & Shop Apple Sauce Natural", "cnid": "2721", "productId": "57725", "size": "25 oz jar"},
{"thumb": "http://i4.peapod.com/c/KK/KKNHZ.gif", "price": "279", "unit_price": "$.17/ oz", "name": "Stop & Shop Cherries Maraschino Red", "cnid": "2721", "productId": "58081", "size": "16 oz jar"},
{"thumb": "http://i4.peapod.com/c/KK/KKNHZ.gif", "price": "206", "unit_price": "$.21/ oz", "name": "Stop & Shop Cherries Maraschino with Stems", "cnid": "2721", "productId": "58083", "size": "10 oz jar"},
{"thumb": "http://i4.peapod.com/c/KK/KKNHZ.gif", "price": "95", "unit_price": "$.12/ oz", "name": "Stop & Shop Cranberry Sauce Jellied", "cnid": "2721", "productId": "57698", "size": "8 oz can"},
{"thumb": "http://i4.peapod.com/c/KK/KKNHZ.gif", "price": "100", "unit_price": "$.07/ oz", "name": "Stop & Shop Cranberry Sauce Jellied", "cnid": "2721", "productId": "57699", "size": "14 oz can"},
{"thumb": "http://i4.peapod.com/c/KK/KKNHZ.gif", "price": "100", "unit_price": "$.07/ oz", "name": "Stop & Shop Cranberry Sauce Whole Berry", "cnid": "2721", "productId": "57697", "size": "14 oz can"},
{"thumb": "http://i4.peapod.com/c/KK/KKNHZ.gif", "price": "239", "unit_price": "$.08/ oz", "name": "Stop & Shop Fruit Cocktail in Pear Juice", "cnid": "2721", "productId": "57660", "size": "30 oz can"},
{"thumb": "http://i4.peapod.com/c/KK/KKNHZ.gif", "price": "269", "unit_price": "$.17/ oz", "name": "Stop & Shop Fruit Cups Mixed Fruit with Cherries in Light Syrup - 4 ct", "cnid": "2721", "productId": "177623", "size": "16 oz pkg"},
{"thumb": "http://i4.peapod.com/c/KK/KKNHZ.gif", "price": "269", "unit_price": "$.17/ oz", "name": "Stop & Shop Fruit Cups Pineapple Tidbits in Pineapple Juice - 4 ct", "cnid": "2721", "productId": "190300", "size": "16 oz pkg"},
{"thumb": "http://i4.peapod.com/c/KK/KKNHZ.gif", "price": "109", "unit_price": "$.13/ oz", "name": "Stop & Shop Peaches Cling Sliced in Pear Juice", "cnid": "2721", "productId": "57700", "size": "8.25 oz can"},
{"thumb": "http://i4.peapod.com/c/KK/KKNHZ.gif", "price": "169", "unit_price": "$.11/ oz", "name": "Stop & Shop Peaches Yellow Cling Sliced in Pear Juice", "cnid": "2721", "productId": "63128", "size": "15 oz can"},
{"thumb": "http://i4.peapod.com/c/KK/KKNHZ.gif", "price": "169", "unit_price": "$.11/ oz", "name": "Stop & Shop Peach Halves Yellow Cling in Pear Juice", "cnid": "2721", "productId": "156074", "size": "15 oz can"},
{"thumb": "http://i4.peapod.com/c/KK/KKNHZ.gif", "price": "169", "unit_price": "$.11/ oz", "name": "Stop & Shop Pears Bartlett Slices in Heavy Syrup", "cnid": "2721", "productId": "57670", "size": "15.2 oz can"},
{"thumb": "http://i4.peapod.com/c/KK/KKNHZ.gif", "price": "169", "unit_price": "$.11/ oz", "name": "Stop & Shop Pears No Sugar Added in Juice Slices", "cnid": "2721", "productId": "57690", "size": "15.2 oz can"},
{"thumb": "http://i4.peapod.com/c/KK/KKNHZ.gif", "price": "269", "unit_price": "$.17/ oz", "name": "Stop & Shop Tropical Fruit Mix Fruit Cups in Light Syrup - 4 ct", "cnid": "2721", "productId": "92359", "size": "16 oz pkg"},
{"thumb": "http://i4.peapod.com/c/KK/KKNHZ.gif", "price": "279", "unit_price": "$.18/ oz", "name": "Amy's Refried Beans Traditional Organic", "cnid": "2709", "productId": "135238", "size": "15.4 oz can"},
{"thumb": "http://i4.peapod.com/c/KK/KKNHZ.gif", "price": "169", "unit_price": "$.11/ oz", "name": "B&M Baked Beans Bacon & Onion 98% Fat Free", "cnid": "2709", "productId": "81839", "size": "16 oz can"},
{"thumb": "http://i4.peapod.com/c/KK/KKNHZ.gif", "price": "239", "unit_price": "$.09/ oz", "name": "B&M Baked Beans Country Style 98% Fat Free", "cnid": "2709", "productId": "135713", "size": "28 oz can"},
{"thumb": "http://i4.peapod.com/c/KK/KKNHZ.gif", "price": "239", "unit_price": "$.09/ oz", "name": "B&M Baked Beans Maple 99% Fat Free", "cnid": "2709", "productId": "162665", "size": "28 oz can"},
{"thumb": "http://i4.peapod.com/c/KK/KKNHZ.gif", "price": "239", "unit_price": "$.09/ oz", "name": "B&M Baked Beans Original 99% Fat Free", "cnid": "2709", "productId": "6715", "size": "28 oz can"},
{"thumb": "http://i4.peapod.com/c/KK/KKNHZ.gif", "price": "249", "unit_price": "$.14/ oz", "name": "B&M Baked Beans Original 99% Fat Free", "cnid": "2709", "productId": "6712", "size": "18 oz jar"},
{"thumb": "http://i4.peapod.com/c/KK/KKNHZ.gif", "price": "169", "unit_price": "$.11/ oz", "name": "B&M Baked Beans Original 99% Fat Free", "cnid": "2709", "productId": "38136", "size": "16 oz can"},
{"thumb": "http://i4.peapod.com/c/KK/KKNHZ.gif", "price": "169", "unit_price": "$.11/ oz", "name": "B&M Baked Beans Vegetarian 99% Fat Free", "cnid": "2709", "productId": "41998", "size": "16 oz can"},
{"thumb": "http://i4.peapod.com/c/KK/KKNHZ.gif", "price": "239", "unit_price": "$.09/ oz", "name": "B&M Baked Beans Vegetarian 99% Fat Free", "cnid": "2709", "productId": "159144", "size": "28 oz can"},
{"thumb": "http://i4.peapod.com/c/KK/KKNHZ.gif", "price": "189", "unit_price": "$.12/ oz", "name": "Bush's Best Baked Beans Country Style", "cnid": "2709", "productId": "123014", "size": "16 oz can"},
{"thumb": "http://i4.peapod.com/c/KK/KKNHZ.gif", "price": "229", "unit_price": "$.08/ oz", "name": "Bush's Best Baked Beans Country Style", "cnid": "2709", "productId": "123015", "size": "28 oz can"},
{"thumb": "http://i4.peapod.com/c/KK/KKNHZ.gif", "price": "229", "unit_price": "$.08/ oz", "name": "Bush's Best Baked Beans Homestyle", "cnid": "2709", "productId": "50897", "size": "28 oz can"},
{"thumb": "http://i4.peapod.com/c/KK/KKNHZ.gif", "price": "189", "unit_price": "$.12/ oz", "name": "Bush's Best Baked Beans Homestyle", "cnid": "2709", "productId": "19740", "size": "16 oz can"},
{"thumb": "http://i4.peapod.com/c/KK/KKNHZ.gif", "price": "189", "unit_price": "$.12/ oz", "name": "Bush's Best Baked Beans Honey & Bacon", "cnid": "2709", "productId": "140513", "size": "16 oz can"},
{"thumb": "http://i4.peapod.com/c/KK/KKNHZ.gif", "price": "115", "unit_price": "$.14/ oz", "name": "Bush's Best Baked Beans Original", "cnid": "2709", "productId": "4006", "size": "8.3 oz can"},
{"thumb": "http://i4.peapod.com/c/KK/KKNHZ.gif", "price": "229", "unit_price": "$.08/ oz", "name": "Bush's Best Baked Beans Original", "cnid": "2709", "productId": "4008", "size": "28 oz can"},
{"thumb": "http://i4.peapod.com/c/KK/KKNHZ.gif", "price": "229", "unit_price": "$.08/ oz", "name": "Bush's Best Baked Beans Vegetarian", "cnid": "2709", "productId": "39331", "size": "28 oz can"},
{"thumb": "http://i4.peapod.com/c/KK/KKNHZ.gif", "price": "189", "unit_price": "$.12/ oz", "name": "Bush's Best Baked Beans Vegetarian Fat Free", "cnid": "2709", "productId": "4011", "size": "16 oz can"},
{"thumb": "http://i4.peapod.com/c/KK/KKNHZ.gif", "price": "189", "unit_price": "$.12/ oz", "name": "Bush's Best Baked Beans with Maple Cured Bacon", "cnid": "2709", "productId": "118537", "size": "16 oz can"},
{"thumb": "http://i4.peapod.com/c/KK/KKNHZ.gif", "price": "229", "unit_price": "$.11/ oz", "name": "Bush's Best Grillin' Beans Black Bean Fiesta", "cnid": "2709", "productId": "157470", "size": "21 oz can"},
{"thumb": "http://i4.peapod.com/c/KK/KKNHZ.gif", "price": "229", "unit_price": "$.10/ oz", "name": "Bush's Best Grillin' Beans Bourbon & Brown Sugar", "cnid": "2709", "productId": "148812", "size": "22 oz can"},
{"thumb": "http://i4.peapod.com/c/KK/KKNHZ.gif", "price": "229", "unit_price": "$.10/ oz", "name": "Bush's Best Grillin' Beans Steakhouse Recipe", "cnid": "2709", "productId": "148811", "size": "22 oz can"},
{"thumb": "http://i4.peapod.com/c/KK/KKNHZ.gif", "price": "99", "unit_price": "$.09/ oz", "name": "Campbell's Pork & Beans", "cnid": "2709", "productId": "42351", "size": "11 oz can"},
{"thumb": "http://i4.peapod.com/c/KK/KKNHZ.gif", "price": "115", "unit_price": "$.07/ oz", "name": "Campbell's Pork & Beans", "cnid": "2709", "productId": "7171", "size": "15.7 oz can"},
{"thumb": "http://i4.peapod.com/c/KK/KKNHZ.gif", "price": "100", "unit_price": "$.07/ oz", "name": "Del Monte Fresh Cut Green Beans Cut", "cnid": "2709", "productId": "2159", "size": "14.5 oz can"},
{"thumb": "http://i4.peapod.com/c/KK/KKNHZ.gif", "price": "109", "unit_price": "$.14/ oz", "name": "Del Monte Fresh Cut Green Beans Cut", "cnid": "2709", "productId": "2160", "size": "8 oz can"},
{"thumb": "http://i4.peapod.com/c/KK/KKNHZ.gif", "price": "199", "unit_price": "$.07/ oz", "name": "Del Monte Fresh Cut Green Beans Cut", "cnid": "2709", "productId": "15671", "size": "28 oz can"},
{"thumb": "http://i4.peapod.com/c/KK/KKNHZ.gif", "price": "100", "unit_price": "$.07/ oz", "name": "Del Monte Fresh Cut Green Beans Cut No Salt Added", "cnid": "2709", "productId": "2147", "size": "14.5 oz can"},
{"thumb": "http://i4.peapod.com/c/KK/KKNHZ.gif", "price": "100", "unit_price": "$.07/ oz", "name": "Del Monte Fresh Cut Green Beans French Style", "cnid": "2709", "productId": "2161", "size": "14.5 oz can"},
{"thumb": "http://i4.peapod.com/c/KK/KKNHZ.gif", "price": "125", "unit_price": "$.09/ oz", "name": "Del Monte Fresh Cut Green Beans Whole", "cnid": "2709", "productId": "33783", "size": "14.5 oz can"},
{"thumb": "http://i4.peapod.com/c/KK/KKNHZ.gif", "price": "100", "unit_price": "$.06/ oz", "name": "Goya Black Beans", "cnid": "2709", "productId": "14334", "size": "15.5 oz can"},
{"thumb": "http://i4.peapod.com/c/KK/KKNHZ.gif", "price": "145", "unit_price": "$.05/ oz", "name": "Goya Black Beans", "cnid": "2709", "productId": "78565", "size": "29 oz can"},
{"thumb": "http://i4.peapod.com/c/KK/KKNHZ.gif", "price": "89", "unit_price": "$.06/ oz", "name": "Goya Black Beans Low Sodium", "cnid": "2709", "productId": "137622", "size": "15.5 oz can"},
{"thumb": "http://i4.peapod.com/c/KK/KKNHZ.gif", "price": "125", "unit_price": "$.08/ oz", "name": "Goya Butter Beans", "cnid": "2709", "productId": "154722", "size": "15.5 oz can"},
{"thumb": "http://i4.peapod.com/c/KK/KKNHZ.gif", "price": "69", "unit_price": "$.05/ oz", "name": "Goya Cannellini Beans", "cnid": "2709", "productId": "78562", "size": "15.5 oz can"},
{"thumb": "http://i4.peapod.com/c/KK/KKNHZ.gif", "price": "69", "unit_price": "$.05/ oz", "name": "Goya Kidney Beans Dark", "cnid": "2709", "productId": "78561", "size": "15.5 oz can"},
{"thumb": "http://i4.peapod.com/c/KK/KKNHZ.gif", "price": "100", "unit_price": "$.06/ oz", "name": "Goya Kidney Beans Red", "cnid": "2709", "productId": "14538", "size": "15.5 oz can"},
{"thumb": "http://i4.peapod.com/c/KK/KKNHZ.gif", "price": "89", "unit_price": "$.06/ oz", "name": "Goya Kidney Beans Red Low Sodium", "cnid": "2709", "productId": "137623", "size": "15.5 oz can"},
{"thumb": "http://i4.peapod.com/c/KK/KKNHZ.gif", "price": "100", "unit_price": "$.06/ oz", "name": "Goya Pink Beans", "cnid": "2709", "productId": "14333", "size": "15.5 oz can"},
{"thumb": "http://i4.peapod.com/c/KK/KKNHZ.gif", "price": "69", "unit_price": "$.05/ oz", "name": "Goya Pinto Beans", "cnid": "2709", "productId": "14335", "size": "15.5 oz can"},
{"thumb": "http://i4.peapod.com/c/KK/KKNHZ.gif", "price": "100", "unit_price": "$.06/ oz", "name": "Goya Red Beans Small", "cnid": "2709", "productId": "78566", "size": "15.5 oz can"},
{"thumb": "http://i4.peapod.com/c/KK/KKNHZ.gif", "price": "69", "unit_price": "$.05/ oz", "name": "Goya White Beans Small", "cnid": "2709", "productId": "14332", "size": "15.5 oz can"},
{"thumb": "http://i4.peapod.com/c/KK/KKNHZ.gif", "price": "159", "unit_price": "$.11/ oz", "name": "Green Giant Green Beans Cut", "cnid": "2709", "productId": "1598", "size": "14.5 oz can"},
{"thumb": "http://i4.peapod.com/c/KK/KKNHZ.gif", "price": "219", "unit_price": "$.15/ oz", "name": "Green Giant Three Bean Salad", "cnid": "2709", "productId": "27847", "size": "15 oz can"},
{"thumb": "http://i4.peapod.com/c/KK/KKNHZ.gif", "price": "259", "unit_price": "$.19/ oz", "name": "Heinz Baked Beans in Tomato Sauce", "cnid": "2709", "productId": "131095", "size": "13.7 oz can"},
{"thumb": "http://i4.peapod.com/c/KK/KKNHZ.gif", "price": "100", "unit_price": "$.12/ oz", "name": "Heinz Beans Vegetarian in Tomato Sauce", "cnid": "2709", "productId": "126673", "size": "8 oz can"},
{"thumb": "http://i4.peapod.com/c/KK/KKNHZ.gif", "price": "165", "unit_price": "$.10/ oz", "name": "Heinz Vegetarian Beans in Tomato Sauce", "cnid": "2709", "productId": "591", "size": "16 oz can"},
{"thumb": "http://i4.peapod.com/c/KK/KKNHZ.gif", "price": "133", "unit_price": "$.09/ oz", "name": "Nature's Promise Organics Black Beans", "cnid": "2709", "productId": "137952", "size": "15.5 oz can"},
{"thumb": "http://i4.peapod.com/c/KK/KKNHZ.gif", "price": "133", "unit_price": "$.09/ oz", "name": "Nature's Promise Organics Garbanzo Beans", "cnid": "2709", "productId": "137954", "size": "15.5 oz can"},
{"thumb": "http://i4.peapod.com/c/KK/KKNHZ.gif", "price": "165", "unit_price": "$.11/ oz", "name": "Nature's Promise Organics Green Beans Cut", "cnid": "2709", "productId": "148086", "size": "14.5 oz can"},
{"thumb": "http://i4.peapod.com/c/KK/KKNHZ.gif", "price": "133", "unit_price": "$.09/ oz", "name": "Nature's Promise Organics Kidney Beans Dark", "cnid": "2709", "productId": "137953", "size": "15.5 oz can"},
{"thumb": "http://i4.peapod.com/c/KK/KKNHZ.gif", "price": "133", "unit_price": "$.09/ oz", "name": "Nature's Promise Organics Kidney Beans Light", "cnid": "2709", "productId": "145285", "size": "15.5 oz can"},
{"thumb": "http://i4.peapod.com/c/KK/KKNHZ.gif", "price": "125", "unit_price": "$.08/ oz", "name": "Old El Paso Refried Beans Fat Free", "cnid": "2709", "productId": "20534", "size": "16 oz can"},
{"thumb": "http://i4.peapod.com/c/KK/KKNHZ.gif", "price": "125", "unit_price": "$.08/ oz", "name": "Old El Paso Refried Beans Traditional", "cnid": "2709", "productId": "6488", "size": "16 oz can"},
{"thumb": "http://i4.peapod.com/c/KK/KKNHZ.gif", "price": "139", "unit_price": "$.07/ oz", "name": "Progresso Cannellini Beans Kidney White", "cnid": "2709", "productId": "91688", "size": "19 oz can"},
{"thumb": "http://i4.peapod.com/c/KK/KKNHZ.gif", "price": "139", "unit_price": "$.07/ oz", "name": "Progresso Kidney Beans Red Dark", "cnid": "2709", "productId": "86713", "size": "19 oz can"},
{"thumb": "http://i4.peapod.com/c/KK/KKNHZ.gif", "price": "139", "unit_price": "$.07/ oz", "name": "Progresso Kidney Beans Red Light", "cnid": "2709", "productId": "116315", "size": "19 oz can"},
{"thumb": "http://i4.peapod.com/c/KK/KKNHZ.gif", "price": "79", "unit_price": "$.05/ oz", "name": "Rienzi Black Beans", "cnid": "2709", "productId": "159065", "size": "15 oz can"},
{"thumb": "http://i4.peapod.com/c/KK/KKNHZ.gif", "price": "79", "unit_price": "$.05/ oz", "name": "Rienzi Cannellini Beans Kidney White", "cnid": "2709", "productId": "96053", "size": "15 oz can"},
{"thumb": "http://i4.peapod.com/c/KK/KKNHZ.gif", "price": "79", "unit_price": "$.05/ oz", "name": "Rienzi Chick Peas (Ceci)", "cnid": "2709", "productId": "96407", "size": "15 oz can"},
{"thumb": "http://i4.peapod.com/c/KK/KKNHZ.gif", "price": "79", "unit_price": "$.05/ oz", "name": "Rienzi Kidney Beans Red", "cnid": "2709", "productId": "96359", "size": "15 oz can"},
{"thumb": "http://i4.peapod.com/c/KK/KKNHZ.gif", "price": "69", "unit_price": "$.05/ oz", "name": "Stop & Shop Black Beans", "cnid": "2709", "productId": "56409", "size": "15.5 oz can"},
{"thumb": "http://i4.peapod.com/c/KK/KKNHZ.gif", "price": "75", "unit_price": "$.05/ oz", "name": "Stop & Shop Cannellini Beans Kidney White", "cnid": "2709", "productId": "56394", "size": "15.5 oz can"},
{"thumb": "http://i4.peapod.com/c/KK/KKNHZ.gif", "price": "75", "unit_price": "$.05/ oz", "name": "Stop & Shop Green Beans Cut", "cnid": "2709", "productId": "56384", "size": "14.5 oz can"},
{"thumb": "http://i4.peapod.com/c/KK/KKNHZ.gif", "price": "75", "unit_price": "$.05/ oz", "name": "Stop & Shop Green Beans Cut No Salt Added", "cnid": "2709", "productId": "72309", "size": "14.5 oz can"},
{"thumb": "http://i4.peapod.com/c/KK/KKNHZ.gif", "price": "69", "unit_price": "$.05/ oz", "name": "Stop & Shop Kidney Beans Red Dark", "cnid": "2709", "productId": "56411", "size": "15.5 oz can"},
{"thumb": "http://i4.peapod.com/c/KK/KKNHZ.gif", "price": "85", "unit_price": "$.05/ oz", "name": "Stop & Shop Kidney Beans Red Light", "cnid": "2709", "productId": "56402", "size": "15.5 oz can"},
{"thumb": "http://i4.peapod.com/c/KK/KKNHZ.gif", "price": "89", "unit_price": "$.11/ oz", "name": "Stop & Shop Wax Beans Golden Cut", "cnid": "2709", "productId": "187026", "size": "8 oz can"},
{"thumb": "http://i4.peapod.com/c/KK/KKNHZ.gif", "price": "499", "unit_price": "$.59/ oz", "name": "California Sun-Dry Tomatoes Sun Dried Julienne Cut with Herbs", "cnid": "2782", "productId": "118739", "size": "8.5 oz jar"},
{"thumb": "http://i4.peapod.com/c/KK/KKNHZ.gif", "price": "499", "unit_price": "$.59/ oz", "name": "California Sun-Dry Tomatoes Sun Dried with Herbs", "cnid": "2782", "productId": "118669", "size": "8.5 oz jar"},
{"thumb": "http://i4.peapod.com/c/KK/KKNHZ.gif", "price": "219", "unit_price": "$.08/ oz", "name": "Cento Tomatoes Crushed All Purpose", "cnid": "2782", "productId": "36891", "size": "28 oz can"},
{"thumb": "http://i4.peapod.com/c/KK/KKNHZ.gif", "price": "399", "unit_price": "$.14/ oz", "name": "Cento Tomatoes San Marzano Peeled with Basil Leaf", "cnid": "2782", "productId": "162823", "size": "28 oz can"},
{"thumb": "http://i4.peapod.com/c/KK/KKNHZ.gif", "price": "99", "unit_price": "$.17/ oz", "name": "Contadina Tomato Paste", "cnid": "2782", "productId": "6899", "size": "6 oz can"},
{"thumb": "http://i4.peapod.com/c/KK/KKNHZ.gif", "price": "169", "unit_price": "$.14/ oz", "name": "Contadina Tomato Paste", "cnid": "2782", "productId": "6900", "size": "12 oz can"},
{"thumb": "http://i4.peapod.com/c/KK/KKNHZ.gif", "price": "139", "unit_price": "$.09/ oz", "name": "Contadina Tomato Sauce", "cnid": "2782", "productId": "6939", "size": "15 oz can"},
{"thumb": "http://i4.peapod.com/c/KK/KKNHZ.gif", "price": "89", "unit_price": "$.11/ oz", "name": "Contadina Tomato Sauce", "cnid": "2782", "productId": "6938", "size": "8 oz can"},
{"thumb": "http://i4.peapod.com/c/KK/KKNHZ.gif", "price": "179", "unit_price": "$.12/ oz", "name": "Del Monte Petite Cut Tomatoes Diced No Salt Added", "cnid": "2782", "productId": "162824", "size": "14.5 oz can"},
{"thumb": "http://i4.peapod.com/c/KK/KKNHZ.gif", "price": "179", "unit_price": "$.12/ oz", "name": "Del Monte Tomatoes Diced", "cnid": "2782", "productId": "48176", "size": "14.5 oz can"},
{"thumb": "http://i4.peapod.com/c/KK/KKNHZ.gif", "price": "179", "unit_price": "$.12/ oz", "name": "Del Monte Tomatoes Diced No Salt Added", "cnid": "2782", "productId": "80788", "size": "14.5 oz can"},
{"thumb": "http://i4.peapod.com/c/KK/KKNHZ.gif", "price": "179", "unit_price": "$.12/ oz", "name": "Del Monte Tomatoes Diced with Basil, Garlic & Oregano", "cnid": "2782", "productId": "45008", "size": "14.5 oz can"},
{"thumb": "http://i4.peapod.com/c/KK/KKNHZ.gif", "price": "179", "unit_price": "$.12/ oz", "name": "Del Monte Tomatoes Diced with Garlic & Onion", "cnid": "2782", "productId": "45007", "size": "14.5 oz can"},
{"thumb": "http://i4.peapod.com/c/KK/KKNHZ.gif", "price": "179", "unit_price": "$.12/ oz", "name": "Del Monte Tomatoes Diced with Zesty Mild Green Chilies", "cnid": "2782", "productId": "115027", "size": "14.5 oz can"},
{"thumb": "http://i4.peapod.com/c/KK/KKNHZ.gif", "price": "179", "unit_price": "$.12/ oz", "name": "Del Monte Tomatoes Stewed Italian Style", "cnid": "2782", "productId": "2184", "size": "14.5 oz can"},
{"thumb": "http://i4.peapod.com/c/KK/KKNHZ.gif", "price": "179", "unit_price": "$.12/ oz", "name": "Del Monte Tomatoes Stewed Original Recipe Onions, Celery & Green Peppers", "cnid": "2782", "productId": "2154", "size": "14.5 oz can"},
{"thumb": "http://i4.peapod.com/c/KK/KKNHZ.gif", "price": "100", "unit_price": "$.04/ oz", "name": "Hunt's Tomatoes Crushed 100% Natural", "cnid": "2782", "productId": "77454", "size": "28 oz can"},
{"thumb": "http://i4.peapod.com/c/KK/KKNHZ.gif", "price": "100", "unit_price": "$.07/ oz", "name": "Hunt's Tomatoes Diced 100% Natural", "cnid": "2782", "productId": "22521", "size": "14.5 oz can"},
{"thumb": "http://i4.peapod.com/c/KK/KKNHZ.gif", "price": "100", "unit_price": "$.07/ oz", "name": "Hunt's Tomatoes Diced Fire Roasted 100% Natural", "cnid": "2782", "productId": "158987", "size": "14.5 oz can"},
{"thumb": "http://i4.peapod.com/c/KK/KKNHZ.gif", "price": "100", "unit_price": "$.07/ oz", "name": "Hunt's Tomatoes Diced Petite 100% Natural", "cnid": "2782", "productId": "126390", "size": "14.5 oz can"},
{"thumb": "http://i4.peapod.com/c/KK/KKNHZ.gif", "price": "99", "unit_price": "$.17/ oz", "name": "Hunt's Tomato Paste 100% Natural", "cnid": "2782", "productId": "2453", "size": "6 oz can"},
{"thumb": "http://i4.peapod.com/c/KK/KKNHZ.gif", "price": "100", "unit_price": "$.03/ oz", "name": "Hunt's Tomato Puree 100% Natural", "cnid": "2782", "productId": "156762", "size": "29 oz can"},
{"thumb": "http://i4.peapod.com/c/KK/KKNHZ.gif", "price": "100", "unit_price": "$.03/ oz", "name": "Hunt's Tomato Sauce 100% Natural", "cnid": "2782", "productId": "2458", "size": "29 oz can"},
{"thumb": "http://i4.peapod.com/c/KK/KKNHZ.gif", "price": "129", "unit_price": "$.09/ oz", "name": "Hunt's Tomato Sauce 100% Natural", "cnid": "2782", "productId": "2457", "size": "15 oz can"},
{"thumb": "http://i4.peapod.com/c/KK/KKNHZ.gif", "price": "50", "unit_price": "$.06/ oz", "name": "Hunt's Tomato Sauce 100% Natural", "cnid": "2782", "productId": "2455", "size": "8 oz can"},
{"thumb": "http://i4.peapod.com/c/KK/KKNHZ.gif", "price": "50", "unit_price": "$.06/ oz", "name": "Hunt's Tomato Sauce No Salt Added 100% Natural", "cnid": "2782", "productId": "2456", "size": "8 oz can"},
{"thumb": "http://i4.peapod.com/c/KK/KKNHZ.gif", "price": "279", "unit_price": "$.10/ oz", "name": "Muir Glen Tomatoes Crushed with Basil Organic", "cnid": "2782", "productId": "81489", "size": "28 oz can"},
{"thumb": "http://i4.peapod.com/c/KK/KKNHZ.gif", "price": "219", "unit_price": "$.15/ oz", "name": "Muir Glen Tomatoes Diced Organic", "cnid": "2782", "productId": "78313", "size": "14.5 oz can"},
{"thumb": "http://i4.peapod.com/c/KK/KKNHZ.gif", "price": "259", "unit_price": "$.09/ oz", "name": "Muir Glen Tomatoes Diced Organic", "cnid": "2782", "productId": "132381", "size": "28 oz can"},
{"thumb": "http://i4.peapod.com/c/KK/KKNHZ.gif", "price": "259", "unit_price": "$.09/ oz", "name": "Muir Glen Tomatoes Whole Peeled Organic", "cnid": "2782", "productId": "78315", "size": "28 oz can"},
{"thumb": "http://i4.peapod.com/c/KK/KKNHZ.gif", "price": "139", "unit_price": "$.23/ oz", "name": "Muir Glen Tomato Paste Organic", "cnid": "2782", "productId": "117667", "size": "6 oz can"},
{"thumb": "http://i4.peapod.com/c/KK/KKNHZ.gif", "price": "219", "unit_price": "$.08/ oz", "name": "Nature's Promise Organics Tomatoes Crushed", "cnid": "2782", "productId": "148245", "size": "28 oz can"},
{"thumb": "http://i4.peapod.com/c/KK/KKNHZ.gif", "price": "89", "unit_price": "$.15/ oz", "name": "Nature's Promise Organics Tomato Paste", "cnid": "2782", "productId": "147651", "size": "6 oz can"},
{"thumb": "http://i4.peapod.com/c/KK/KKNHZ.gif", "price": "145", "unit_price": "$.10/ oz", "name": "Nature's Promise Organics Tomato Sauce", "cnid": "2782", "productId": "147652", "size": "15 oz can"},
{"thumb": "http://i4.peapod.com/c/KK/KKNHZ.gif", "price": "299", "unit_price": "$.11/ oz", "name": "Parmalat Pomi Tomatoes Strained", "cnid": "2782", "productId": "110980", "size": "26.4 oz ctn"},
{"thumb": "http://i4.peapod.com/c/KK/KKNHZ.gif", "price": "179", "unit_price": "$.06/ oz", "name": "Pastene Kitchen Ready Tomatoes Ground Peeled", "cnid": "2782", "productId": "36898", "size": "28 oz can"},
{"thumb": "http://i4.peapod.com/c/KK/KKNHZ.gif", "price": "179", "unit_price": "$.06/ oz", "name": "Pastene Kitchen Ready Tomatoes Ground Peeled Chunky Style", "cnid": "2782", "productId": "36899", "size": "28 oz can"},
{"thumb": "http://i4.peapod.com/c/KK/KKNHZ.gif", "price": "179", "unit_price": "$.06/ oz", "name": "Pastene Kitchen Ready Tomatoes Ground Peeled No Salt Added", "cnid": "2782", "productId": "36900", "size": "28 oz can"},
{"thumb": "http://i4.peapod.com/c/KK/KKNHZ.gif", "price": "499", "unit_price": "$.18/ oz", "name": "Pastene San Marzano Italian Plum Tomatoes Whole Peeled with Basil Leaf", "cnid": "2782", "productId": "161242", "size": "28 oz can"},
{"thumb": "http://i4.peapod.com/c/KK/KKNHZ.gif", "price": "199", "unit_price": "$.07/ oz", "name": "Pastene Tomatoes Peeled with Basil", "cnid": "2782", "productId": "36897", "size": "28 oz can"},
{"thumb": "http://i4.peapod.com/c/KK/KKNHZ.gif", "price": "59", "unit_price": "$.10/ oz", "name": "Pastene Tomato Paste", "cnid": "2782", "productId": "61075", "size": "6 oz can"},
{"thumb": "http://i4.peapod.com/c/KK/KKNHZ.gif", "price": "199", "unit_price": "$.07/ oz", "name": "Pastene Tomato Puree", "cnid": "2782", "productId": "161243", "size": "28 oz can"},
{"thumb": "http://i4.peapod.com/c/KK/KKNHZ.gif", "price": "299", "unit_price": "$.11/ oz", "name": "Pomi Tomatoes Chopped All Natural", "cnid": "2782", "productId": "110981", "size": "26.4 oz ctn"},
{"thumb": "http://i4.peapod.com/c/KK/KKNHZ.gif", "price": "199", "unit_price": "$.07/ oz", "name": "Redpack Tomatoes Whole Peeled", "cnid": "2782", "productId": "36901", "size": "28 oz can"},
{"thumb": "http://i4.peapod.com/c/KK/KKNHZ.gif", "price": "139", "unit_price": "$.05/ oz", "name": "Rienzi Tomatoes Crushed Peeled Imported", "cnid": "2782", "productId": "96401", "size": "28 oz can"},
{"thumb": "http://i4.peapod.com/c/KK/KKNHZ.gif", "price": "139", "unit_price": "$.05/ oz", "name": "Rienzi Tomatoes Peeled Imported", "cnid": "2782", "productId": "96404", "size": "28 oz can"},
{"thumb": "http://i4.peapod.com/c/KK/KKNHZ.gif", "price": "235", "unit_price": "$.07/ oz", "name": "Rienzi Tomatoes Peeled Imported with Basil", "cnid": "2782", "productId": "96402", "size": "35 oz can"},
{"thumb": "http://i4.peapod.com/c/KK/KKNHZ.gif", "price": "139", "unit_price": "$.05/ oz", "name": "Rienzi Tomato Puree Imported", "cnid": "2782", "productId": "96205", "size": "28 oz can"},
{"thumb": "http://i4.peapod.com/c/KK/KKNHZ.gif", "price": "100", "unit_price": "$.10/ oz", "name": "Ro-Tel Tomatoes Diced & Green Chilies Original", "cnid": "2782", "productId": "30072", "size": "10 oz can"},
{"thumb": "http://i4.peapod.com/c/KK/KKNHZ.gif", "price": "149", "unit_price": "$.05/ oz", "name": "Stop & Shop Tomatoes Crushed Peeled", "cnid": "2782", "productId": "62060", "size": "28 oz can"},
{"thumb": "http://i4.peapod.com/c/KK/KKNHZ.gif", "price": "149", "unit_price": "$.05/ oz", "name": "Stop & Shop Tomatoes Diced, Cut & Peeled", "cnid": "2782", "productId": "130660", "size": "28 oz can"},
{"thumb": "http://i4.peapod.com/c/KK/KKNHZ.gif", "price": "60", "unit_price": "$.08/ oz", "name": "Stop & Shop Tomato Sauce", "cnid": "2782", "productId": "56461", "size": "8 oz can"},
{"thumb": "http://i4.peapod.com/c/KK/KKNHZ.gif", "price": "60", "unit_price": "$.08/ oz", "name": "Stop & Shop Tomato Sauce No Salt Added", "cnid": "2782", "productId": "56460", "size": "8 oz can"},
{"thumb": "http://i4.peapod.com/c/KK/KKNHZ.gif", "price": "399", "unit_price": "$3.99/ ea", "name": "Tomatoes Sun Dried Great Lakes", "cnid": "2782", "productId": "164858", "size": "8 oz pkg"},
{"thumb": "http://i4.peapod.com/c/KK/KKNHZ.gif", "price": "249", "unit_price": "$2.49/ ea", "name": "Tomatoes Sun Dried Great Lakes", "cnid": "2782", "productId": "127304", "size": "4 oz tub"},
{"thumb": "http://i4.peapod.com/c/KK/KKNHZ.gif", "price": "179", "unit_price": "$.06/ oz", "name": "Tuttorosso Tomatoes Crushed with Basil New World Style 100% Natural", "cnid": "2782", "productId": "78556", "size": "28 oz can"},
{"thumb": "http://i4.peapod.com/c/KK/KKNHZ.gif", "price": "179", "unit_price": "$.06/ oz", "name": "Tuttorosso Tomatoes Diced in Tomato Juice New World Style 100% Natural", "cnid": "2782", "productId": "162821", "size": "28 oz can"},
{"thumb": "http://i4.peapod.com/c/KK/KKNHZ.gif", "price": "200", "unit_price": "$.06/ oz", "name": "Tuttorosso Tomatoes Plum Shaped Peeled with Basil Flavor 100% Natural", "cnid": "2782", "productId": "78551", "size": "35 oz can"},
{"thumb": "http://i4.peapod.com/c/KK/KKNHZ.gif", "price": "179", "unit_price": "$.06/ oz", "name": "Tuttorosso Tomato Puree New World Style", "cnid": "2782", "productId": "96204", "size": "28 oz can"},
{"thumb": "http://i4.peapod.com/c/KK/KKNHZ.gif", "price": "179", "unit_price": "$.06/ oz", "name": "Tuttorosso Tomato Sauce New World Style 100% Natural", "cnid": "2782", "productId": "137230", "size": "29 oz can"},
{"thumb": "http://i4.peapod.com/c/KK/KKNHZ.gif", "price": "499", "unit_price": "$.59/ oz", "name": "California Sun-Dry Tomatoes Sun Dried Julienne Cut with Herbs", "cnid": "2543202046133", "productId": "118739", "size": "8.5 oz jar"},
{"thumb": "http://i4.peapod.com/c/KK/KKNHZ.gif", "price": "499", "unit_price": "$.59/ oz", "name": "California Sun-Dry Tomatoes Sun Dried with Herbs", "cnid": "2543202046133", "productId": "118669", "size": "8.5 oz jar"},
{"thumb": "http://i4.peapod.com/c/KK/KKNHZ.gif", "price": "219", "unit_price": "$.08/ oz", "name": "Cento Tomatoes Crushed All Purpose", "cnid": "2543202046133", "productId": "36891", "size": "28 oz can"},
{"thumb": "http://i4.peapod.com/c/KK/KKNHZ.gif", "price": "399", "unit_price": "$.14/ oz", "name": "Cento Tomatoes San Marzano Peeled with Basil Leaf", "cnid": "2543202046133", "productId": "162823", "size": "28 oz can"},
{"thumb": "http://i4.peapod.com/c/KK/KKNHZ.gif", "price": "99", "unit_price": "$.17/ oz", "name": "Contadina Tomato Paste", "cnid": "2543202046133", "productId": "6899", "size": "6 oz can"},
{"thumb": "http://i4.peapod.com/c/KK/KKNHZ.gif", "price": "169", "unit_price": "$.14/ oz", "name": "Contadina Tomato Paste", "cnid": "2543202046133", "productId": "6900", "size": "12 oz can"},
{"thumb": "http://i4.peapod.com/c/KK/KKNHZ.gif", "price": "139", "unit_price": "$.09/ oz", "name": "Contadina Tomato Sauce", "cnid": "2543202046133", "productId": "6939", "size": "15 oz can"},
{"thumb": "http://i4.peapod.com/c/KK/KKNHZ.gif", "price": "89", "unit_price": "$.11/ oz", "name": "Contadina Tomato Sauce", "cnid": "2543202046133", "productId": "6938", "size": "8 oz can"},
{"thumb": "http://i4.peapod.com/c/KK/KKNHZ.gif", "price": "179", "unit_price": "$.12/ oz", "name": "Del Monte Petite Cut Tomatoes Diced No Salt Added", "cnid": "2543202046133", "productId": "162824", "size": "14.5 oz can"},
{"thumb": "http://i4.peapod.com/c/KK/KKNHZ.gif", "price": "179", "unit_price": "$.12/ oz", "name": "Del Monte Tomatoes Diced", "cnid": "2543202046133", "productId": "48176", "size": "14.5 oz can"},
{"thumb": "http://i4.peapod.com/c/KK/KKNHZ.gif", "price": "179", "unit_price": "$.12/ oz", "name": "Del Monte Tomatoes Diced No Salt Added", "cnid": "2543202046133", "productId": "80788", "size": "14.5 oz can"},
{"thumb": "http://i4.peapod.com/c/KK/KKNHZ.gif", "price": "179", "unit_price": "$.12/ oz", "name": "Del Monte Tomatoes Diced with Basil, Garlic & Oregano", "cnid": "2543202046133", "productId": "45008", "size": "14.5 oz can"},
{"thumb": "http://i4.peapod.com/c/KK/KKNHZ.gif", "price": "179", "unit_price": "$.12/ oz", "name": "Del Monte Tomatoes Diced with Garlic & Onion", "cnid": "2543202046133", "productId": "45007", "size": "14.5 oz can"},
{"thumb": "http://i4.peapod.com/c/KK/KKNHZ.gif", "price": "179", "unit_price": "$.12/ oz", "name": "Del Monte Tomatoes Diced with Zesty Mild Green Chilies", "cnid": "2543202046133", "productId": "115027", "size": "14.5 oz can"},
{"thumb": "http://i4.peapod.com/c/KK/KKNHZ.gif", "price": "179", "unit_price": "$.12/ oz", "name": "Del Monte Tomatoes Stewed Italian Style", "cnid": "2543202046133", "productId": "2184", "size": "14.5 oz can"},
{"thumb": "http://i4.peapod.com/c/KK/KKNHZ.gif", "price": "179", "unit_price": "$.12/ oz", "name": "Del Monte Tomatoes Stewed Original Recipe Onions, Celery & Green Peppers", "cnid": "2543202046133", "productId": "2154", "size": "14.5 oz can"},
{"thumb": "http://i4.peapod.com/c/KK/KKNHZ.gif", "price": "100", "unit_price": "$.04/ oz", "name": "Hunt's Tomatoes Crushed 100% Natural", "cnid": "2543202046133", "productId": "77454", "size": "28 oz can"},
{"thumb": "http://i4.peapod.com/c/KK/KKNHZ.gif", "price": "100", "unit_price": "$.07/ oz", "name": "Hunt's Tomatoes Diced 100% Natural", "cnid": "2543202046133", "productId": "22521", "size": "14.5 oz can"},
{"thumb": "http://i4.peapod.com/c/KK/KKNHZ.gif", "price": "100", "unit_price": "$.07/ oz", "name": "Hunt's Tomatoes Diced Fire Roasted 100% Natural", "cnid": "2543202046133", "productId": "158987", "size": "14.5 oz can"},
{"thumb": "http://i4.peapod.com/c/KK/KKNHZ.gif", "price": "100", "unit_price": "$.07/ oz", "name": "Hunt's Tomatoes Diced Petite 100% Natural", "cnid": "2543202046133", "productId": "126390", "size": "14.5 oz can"},
{"thumb": "http://i4.peapod.com/c/KK/KKNHZ.gif", "price": "99", "unit_price": "$.17/ oz", "name": "Hunt's Tomato Paste 100% Natural", "cnid": "2543202046133", "productId": "2453", "size": "6 oz can"},
{"thumb": "http://i4.peapod.com/c/KK/KKNHZ.gif", "price": "100", "unit_price": "$.03/ oz", "name": "Hunt's Tomato Puree 100% Natural", "cnid": "2543202046133", "productId": "156762", "size": "29 oz can"},
{"thumb": "http://i4.peapod.com/c/KK/KKNHZ.gif", "price": "100", "unit_price": "$.03/ oz", "name": "Hunt's Tomato Sauce 100% Natural", "cnid": "2543202046133", "productId": "2458", "size": "29 oz can"},
{"thumb": "http://i4.peapod.com/c/KK/KKNHZ.gif", "price": "129", "unit_price": "$.09/ oz", "name": "Hunt's Tomato Sauce 100% Natural", "cnid": "2543202046133", "productId": "2457", "size": "15 oz can"},
{"thumb": "http://i4.peapod.com/c/KK/KKNHZ.gif", "price": "50", "unit_price": "$.06/ oz", "name": "Hunt's Tomato Sauce 100% Natural", "cnid": "2543202046133", "productId": "2455", "size": "8 oz can"},
{"thumb": "http://i4.peapod.com/c/KK/KKNHZ.gif", "price": "50", "unit_price": "$.06/ oz", "name": "Hunt's Tomato Sauce No Salt Added 100% Natural", "cnid": "2543202046133", "productId": "2456", "size": "8 oz can"},
{"thumb": "http://i4.peapod.com/c/KK/KKNHZ.gif", "price": "279", "unit_price": "$.10/ oz", "name": "Muir Glen Tomatoes Crushed with Basil Organic", "cnid": "2543202046133", "productId": "81489", "size": "28 oz can"},
{"thumb": "http://i4.peapod.com/c/KK/KKNHZ.gif", "price": "219", "unit_price": "$.15/ oz", "name": "Muir Glen Tomatoes Diced Organic", "cnid": "2543202046133", "productId": "78313", "size": "14.5 oz can"},
{"thumb": "http://i4.peapod.com/c/KK/KKNHZ.gif", "price": "259", "unit_price": "$.09/ oz", "name": "Muir Glen Tomatoes Diced Organic", "cnid": "2543202046133", "productId": "132381", "size": "28 oz can"},
{"thumb": "http://i4.peapod.com/c/KK/KKNHZ.gif", "price": "259", "unit_price": "$.09/ oz", "name": "Muir Glen Tomatoes Whole Peeled Organic", "cnid": "2543202046133", "productId": "78315", "size": "28 oz can"},
{"thumb": "http://i4.peapod.com/c/KK/KKNHZ.gif", "price": "139", "unit_price": "$.23/ oz", "name": "Muir Glen Tomato Paste Organic", "cnid": "2543202046133", "productId": "117667", "size": "6 oz can"},
{"thumb": "http://i4.peapod.com/c/KK/KKNHZ.gif", "price": "219", "unit_price": "$.08/ oz", "name": "Nature's Promise Organics Tomatoes Crushed", "cnid": "2543202046133", "productId": "148245", "size": "28 oz can"},
{"thumb": "http://i4.peapod.com/c/KK/KKNHZ.gif", "price": "89", "unit_price": "$.15/ oz", "name": "Nature's Promise Organics Tomato Paste", "cnid": "2543202046133", "productId": "147651", "size": "6 oz can"},
{"thumb": "http://i4.peapod.com/c/KK/KKNHZ.gif", "price": "145", "unit_price": "$.10/ oz", "name": "Nature's Promise Organics Tomato Sauce", "cnid": "2543202046133", "productId": "147652", "size": "15 oz can"},
{"thumb": "http://i4.peapod.com/c/KK/KKNHZ.gif", "price": "299", "unit_price": "$.11/ oz", "name": "Parmalat Pomi Tomatoes Strained", "cnid": "2543202046133", "productId": "110980", "size": "26.4 oz ctn"},
{"thumb": "http://i4.peapod.com/c/KK/KKNHZ.gif", "price": "179", "unit_price": "$.06/ oz", "name": "Pastene Kitchen Ready Tomatoes Ground Peeled", "cnid": "2543202046133", "productId": "36898", "size": "28 oz can"},
{"thumb": "http://i4.peapod.com/c/KK/KKNHZ.gif", "price": "179", "unit_price": "$.06/ oz", "name": "Pastene Kitchen Ready Tomatoes Ground Peeled Chunky Style", "cnid": "2543202046133", "productId": "36899", "size": "28 oz can"},
{"thumb": "http://i4.peapod.com/c/KK/KKNHZ.gif", "price": "179", "unit_price": "$.06/ oz", "name": "Pastene Kitchen Ready Tomatoes Ground Peeled No Salt Added", "cnid": "2543202046133", "productId": "36900", "size": "28 oz can"},
{"thumb": "http://i4.peapod.com/c/KK/KKNHZ.gif", "price": "499", "unit_price": "$.18/ oz", "name": "Pastene San Marzano Italian Plum Tomatoes Whole Peeled with Basil Leaf", "cnid": "2543202046133", "productId": "161242", "size": "28 oz can"},
{"thumb": "http://i4.peapod.com/c/KK/KKNHZ.gif", "price": "199", "unit_price": "$.07/ oz", "name": "Pastene Tomatoes Peeled with Basil", "cnid": "2543202046133", "productId": "36897", "size": "28 oz can"},
{"thumb": "http://i4.peapod.com/c/KK/KKNHZ.gif", "price": "59", "unit_price": "$.10/ oz", "name": "Pastene Tomato Paste", "cnid": "2543202046133", "productId": "61075", "size": "6 oz can"},
{"thumb": "http://i4.peapod.com/c/KK/KKNHZ.gif", "price": "199", "unit_price": "$.07/ oz", "name": "Pastene Tomato Puree", "cnid": "2543202046133", "productId": "161243", "size": "28 oz can"},
{"thumb": "http://i4.peapod.com/c/KK/KKNHZ.gif", "price": "299", "unit_price": "$.11/ oz", "name": "Pomi Tomatoes Chopped All Natural", "cnid": "2543202046133", "productId": "110981", "size": "26.4 oz ctn"},
{"thumb": "http://i4.peapod.com/c/KK/KKNHZ.gif", "price": "199", "unit_price": "$.07/ oz", "name": "Redpack Tomatoes Whole Peeled", "cnid": "2543202046133", "productId": "36901", "size": "28 oz can"},
{"thumb": "http://i4.peapod.com/c/KK/KKNHZ.gif", "price": "139", "unit_price": "$.05/ oz", "name": "Rienzi Tomatoes Crushed Peeled Imported", "cnid": "2543202046133", "productId": "96401", "size": "28 oz can"},
{"thumb": "http://i4.peapod.com/c/KK/KKNHZ.gif", "price": "139", "unit_price": "$.05/ oz", "name": "Rienzi Tomatoes Peeled Imported", "cnid": "2543202046133", "productId": "96404", "size": "28 oz can"},
{"thumb": "http://i4.peapod.com/c/KK/KKNHZ.gif", "price": "235", "unit_price": "$.07/ oz", "name": "Rienzi Tomatoes Peeled Imported with Basil", "cnid": "2543202046133", "productId": "96402", "size": "35 oz can"},
{"thumb": "http://i4.peapod.com/c/KK/KKNHZ.gif", "price": "139", "unit_price": "$.05/ oz", "name": "Rienzi Tomato Puree Imported", "cnid": "2543202046133", "productId": "96205", "size": "28 oz can"},
{"thumb": "http://i4.peapod.com/c/KK/KKNHZ.gif", "price": "100", "unit_price": "$.10/ oz", "name": "Ro-Tel Tomatoes Diced & Green Chilies Original", "cnid": "2543202046133", "productId": "30072", "size": "10 oz can"},
{"thumb": "http://i4.peapod.com/c/KK/KKNHZ.gif", "price": "149", "unit_price": "$.05/ oz", "name": "Stop & Shop Tomatoes Crushed Peeled", "cnid": "2543202046133", "productId": "62060", "size": "28 oz can"},
{"thumb": "http://i4.peapod.com/c/KK/KKNHZ.gif", "price": "149", "unit_price": "$.05/ oz", "name": "Stop & Shop Tomatoes Diced, Cut & Peeled", "cnid": "2543202046133", "productId": "130660", "size": "28 oz can"},
{"thumb": "http://i4.peapod.com/c/KK/KKNHZ.gif", "price": "60", "unit_price": "$.08/ oz", "name": "Stop & Shop Tomato Sauce", "cnid": "2543202046133", "productId": "56461", "size": "8 oz can"},
{"thumb": "http://i4.peapod.com/c/KK/KKNHZ.gif", "price": "60", "unit_price": "$.08/ oz", "name": "Stop & Shop Tomato Sauce No Salt Added", "cnid": "2543202046133", "productId": "56460", "size": "8 oz can"},
{"thumb": "http://i4.peapod.com/c/KK/KKNHZ.gif", "price": "399", "unit_price": "$3.99/ ea", "name": "Tomatoes Sun Dried Great Lakes", "cnid": "2543202046133", "productId": "164858", "size": "8 oz pkg"},
{"thumb": "http://i4.peapod.com/c/KK/KKNHZ.gif", "price": "249", "unit_price": "$2.49/ ea", "name": "Tomatoes Sun Dried Great Lakes", "cnid": "2543202046133", "productId": "127304", "size": "4 oz tub"},
{"thumb": "http://i4.peapod.com/c/KK/KKNHZ.gif", "price": "179", "unit_price": "$.06/ oz", "name": "Tuttorosso Tomatoes Crushed with Basil New World Style 100% Natural", "cnid": "2543202046133", "productId": "78556", "size": "28 oz can"},
{"thumb": "http://i4.peapod.com/c/KK/KKNHZ.gif", "price": "179", "unit_price": "$.06/ oz", "name": "Tuttorosso Tomatoes Diced in Tomato Juice New World Style 100% Natural", "cnid": "2543202046133", "productId": "162821", "size": "28 oz can"},
{"thumb": "http://i4.peapod.com/c/KK/KKNHZ.gif", "price": "200", "unit_price": "$.06/ oz", "name": "Tuttorosso Tomatoes Plum Shaped Peeled with Basil Flavor 100% Natural", "cnid": "2543202046133", "productId": "78551", "size": "35 oz can"},
{"thumb": "http://i4.peapod.com/c/KK/KKNHZ.gif", "price": "179", "unit_price": "$.06/ oz", "name": "Tuttorosso Tomato Puree New World Style", "cnid": "2543202046133", "productId": "96204", "size": "28 oz can"},
{"thumb": "http://i4.peapod.com/c/KK/KKNHZ.gif", "price": "179", "unit_price": "$.06/ oz", "name": "Tuttorosso Tomato Sauce New World Style 100% Natural", "cnid": "2543202046133", "productId": "137230", "size": "29 oz can"},
{"thumb": "http://i4.peapod.com/c/KK/KKNHZ.gif", "price": "499", "unit_price": "$.59/ oz", "name": "California Sun-Dry Tomatoes Sun Dried Julienne Cut with Herbs", "cnid": "2543202054539", "productId": "118739", "size": "8.5 oz jar"},
{"thumb": "http://i4.peapod.com/c/KK/KKNHZ.gif", "price": "499", "unit_price": "$.59/ oz", "name": "California Sun-Dry Tomatoes Sun Dried with Herbs", "cnid": "2543202054539", "productId": "118669", "size": "8.5 oz jar"},
{"thumb": "http://i4.peapod.com/c/KK/KKNHZ.gif", "price": "219", "unit_price": "$.08/ oz", "name": "Cento Tomatoes Crushed All Purpose", "cnid": "2543202054539", "productId": "36891", "size": "28 oz can"},
{"thumb": "http://i4.peapod.com/c/KK/KKNHZ.gif", "price": "399", "unit_price": "$.14/ oz", "name": "Cento Tomatoes San Marzano Peeled with Basil Leaf", "cnid": "2543202054539", "productId": "162823", "size": "28 oz can"},
{"thumb": "http://i4.peapod.com/c/KK/KKNHZ.gif", "price": "99", "unit_price": "$.17/ oz", "name": "Contadina Tomato Paste", "cnid": "2543202054539", "productId": "6899", "size": "6 oz can"},
{"thumb": "http://i4.peapod.com/c/KK/KKNHZ.gif", "price": "169", "unit_price": "$.14/ oz", "name": "Contadina Tomato Paste", "cnid": "2543202054539", "productId": "6900", "size": "12 oz can"},
{"thumb": "http://i4.peapod.com/c/KK/KKNHZ.gif", "price": "139", "unit_price": "$.09/ oz", "name": "Contadina Tomato Sauce", "cnid": "2543202054539", "productId": "6939", "size": "15 oz can"},
{"thumb": "http://i4.peapod.com/c/KK/KKNHZ.gif", "price": "89", "unit_price": "$.11/ oz", "name": "Contadina Tomato Sauce", "cnid": "2543202054539", "productId": "6938", "size": "8 oz can"},
{"thumb": "http://i4.peapod.com/c/KK/KKNHZ.gif", "price": "179", "unit_price": "$.12/ oz", "name": "Del Monte Petite Cut Tomatoes Diced No Salt Added", "cnid": "2543202054539", "productId": "162824", "size": "14.5 oz can"},
{"thumb": "http://i4.peapod.com/c/KK/KKNHZ.gif", "price": "179", "unit_price": "$.12/ oz", "name": "Del Monte Tomatoes Diced", "cnid": "2543202054539", "productId": "48176", "size": "14.5 oz can"},
{"thumb": "http://i4.peapod.com/c/KK/KKNHZ.gif", "price": "179", "unit_price": "$.12/ oz", "name": "Del Monte Tomatoes Diced No Salt Added", "cnid": "2543202054539", "productId": "80788", "size": "14.5 oz can"},
{"thumb": "http://i4.peapod.com/c/KK/KKNHZ.gif", "price": "179", "unit_price": "$.12/ oz", "name": "Del Monte Tomatoes Diced with Basil, Garlic & Oregano", "cnid": "2543202054539", "productId": "45008", "size": "14.5 oz can"},
{"thumb": "http://i4.peapod.com/c/KK/KKNHZ.gif", "price": "179", "unit_price": "$.12/ oz", "name": "Del Monte Tomatoes Diced with Garlic & Onion", "cnid": "2543202054539", "productId": "45007", "size": "14.5 oz can"},
{"thumb": "http://i4.peapod.com/c/KK/KKNHZ.gif", "price": "179", "unit_price": "$.12/ oz", "name": "Del Monte Tomatoes Diced with Zesty Mild Green Chilies", "cnid": "2543202054539", "productId": "115027", "size": "14.5 oz can"},
{"thumb": "http://i4.peapod.com/c/KK/KKNHZ.gif", "price": "179", "unit_price": "$.12/ oz", "name": "Del Monte Tomatoes Stewed Italian Style", "cnid": "2543202054539", "productId": "2184", "size": "14.5 oz can"},
{"thumb": "http://i4.peapod.com/c/KK/KKNHZ.gif", "price": "179", "unit_price": "$.12/ oz", "name": "Del Monte Tomatoes Stewed Original Recipe Onions, Celery & Green Peppers", "cnid": "2543202054539", "productId": "2154", "size": "14.5 oz can"},
{"thumb": "http://i4.peapod.com/c/KK/KKNHZ.gif", "price": "100", "unit_price": "$.04/ oz", "name": "Hunt's Tomatoes Crushed 100% Natural", "cnid": "2543202054539", "productId": "77454", "size": "28 oz can"},
{"thumb": "http://i4.peapod.com/c/KK/KKNHZ.gif", "price": "100", "unit_price": "$.07/ oz", "name": "Hunt's Tomatoes Diced 100% Natural", "cnid": "2543202054539", "productId": "22521", "size": "14.5 oz can"},
{"thumb": "http://i4.peapod.com/c/KK/KKNHZ.gif", "price": "100", "unit_price": "$.07/ oz", "name": "Hunt's Tomatoes Diced Fire Roasted 100% Natural", "cnid": "2543202054539", "productId": "158987", "size": "14.5 oz can"},
{"thumb": "http://i4.peapod.com/c/KK/KKNHZ.gif", "price": "100", "unit_price": "$.07/ oz", "name": "Hunt's Tomatoes Diced Petite 100% Natural", "cnid": "2543202054539", "productId": "126390", "size": "14.5 oz can"},
{"thumb": "http://i4.peapod.com/c/KK/KKNHZ.gif", "price": "99", "unit_price": "$.17/ oz", "name": "Hunt's Tomato Paste 100% Natural", "cnid": "2543202054539", "productId": "2453", "size": "6 oz can"},
{"thumb": "http://i4.peapod.com/c/KK/KKNHZ.gif", "price": "100", "unit_price": "$.03/ oz", "name": "Hunt's Tomato Puree 100% Natural", "cnid": "2543202054539", "productId": "156762", "size": "29 oz can"},
{"thumb": "http://i4.peapod.com/c/KK/KKNHZ.gif", "price": "100", "unit_price": "$.03/ oz", "name": "Hunt's Tomato Sauce 100% Natural", "cnid": "2543202054539", "productId": "2458", "size": "29 oz can"},
{"thumb": "http://i4.peapod.com/c/KK/KKNHZ.gif", "price": "129", "unit_price": "$.09/ oz", "name": "Hunt's Tomato Sauce 100% Natural", "cnid": "2543202054539", "productId": "2457", "size": "15 oz can"},
{"thumb": "http://i4.peapod.com/c/KK/KKNHZ.gif", "price": "50", "unit_price": "$.06/ oz", "name": "Hunt's Tomato Sauce 100% Natural", "cnid": "2543202054539", "productId": "2455", "size": "8 oz can"},
{"thumb": "http://i4.peapod.com/c/KK/KKNHZ.gif", "price": "50", "unit_price": "$.06/ oz", "name": "Hunt's Tomato Sauce No Salt Added 100% Natural", "cnid": "2543202054539", "productId": "2456", "size": "8 oz can"},
{"thumb": "http://i4.peapod.com/c/KK/KKNHZ.gif", "price": "279", "unit_price": "$.10/ oz", "name": "Muir Glen Tomatoes Crushed with Basil Organic", "cnid": "2543202054539", "productId": "81489", "size": "28 oz can"},
{"thumb": "http://i4.peapod.com/c/KK/KKNHZ.gif", "price": "219", "unit_price": "$.15/ oz", "name": "Muir Glen Tomatoes Diced Organic", "cnid": "2543202054539", "productId": "78313", "size": "14.5 oz can"},
{"thumb": "http://i4.peapod.com/c/KK/KKNHZ.gif", "price": "259", "unit_price": "$.09/ oz", "name": "Muir Glen Tomatoes Diced Organic", "cnid": "2543202054539", "productId": "132381", "size": "28 oz can"},
{"thumb": "http://i4.peapod.com/c/KK/KKNHZ.gif", "price": "259", "unit_price": "$.09/ oz", "name": "Muir Glen Tomatoes Whole Peeled Organic", "cnid": "2543202054539", "productId": "78315", "size": "28 oz can"},
{"thumb": "http://i4.peapod.com/c/KK/KKNHZ.gif", "price": "139", "unit_price": "$.23/ oz", "name": "Muir Glen Tomato Paste Organic", "cnid": "2543202054539", "productId": "117667", "size": "6 oz can"},
{"thumb": "http://i4.peapod.com/c/KK/KKNHZ.gif", "price": "219", "unit_price": "$.08/ oz", "name": "Nature's Promise Organics Tomatoes Crushed", "cnid": "2543202054539", "productId": "148245", "size": "28 oz can"},
{"thumb": "http://i4.peapod.com/c/KK/KKNHZ.gif", "price": "89", "unit_price": "$.15/ oz", "name": "Nature's Promise Organics Tomato Paste", "cnid": "2543202054539", "productId": "147651", "size": "6 oz can"},
{"thumb": "http://i4.peapod.com/c/KK/KKNHZ.gif", "price": "145", "unit_price": "$.10/ oz", "name": "Nature's Promise Organics Tomato Sauce", "cnid": "2543202054539", "productId": "147652", "size": "15 oz can"},
{"thumb": "http://i4.peapod.com/c/KK/KKNHZ.gif", "price": "299", "unit_price": "$.11/ oz", "name": "Parmalat Pomi Tomatoes Strained", "cnid": "2543202054539", "productId": "110980", "size": "26.4 oz ctn"},
{"thumb": "http://i4.peapod.com/c/KK/KKNHZ.gif", "price": "179", "unit_price": "$.06/ oz", "name": "Pastene Kitchen Ready Tomatoes Ground Peeled", "cnid": "2543202054539", "productId": "36898", "size": "28 oz can"},
{"thumb": "http://i4.peapod.com/c/KK/KKNHZ.gif", "price": "179", "unit_price": "$.06/ oz", "name": "Pastene Kitchen Ready Tomatoes Ground Peeled Chunky Style", "cnid": "2543202054539", "productId": "36899", "size": "28 oz can"},
{"thumb": "http://i4.peapod.com/c/KK/KKNHZ.gif", "price": "179", "unit_price": "$.06/ oz", "name": "Pastene Kitchen Ready Tomatoes Ground Peeled No Salt Added", "cnid": "2543202054539", "productId": "36900", "size": "28 oz can"},
{"thumb": "http://i4.peapod.com/c/KK/KKNHZ.gif", "price": "499", "unit_price": "$.18/ oz", "name": "Pastene San Marzano Italian Plum Tomatoes Whole Peeled with Basil Leaf", "cnid": "2543202054539", "productId": "161242", "size": "28 oz can"},
{"thumb": "http://i4.peapod.com/c/KK/KKNHZ.gif", "price": "199", "unit_price": "$.07/ oz", "name": "Pastene Tomatoes Peeled with Basil", "cnid": "2543202054539", "productId": "36897", "size": "28 oz can"},
{"thumb": "http://i4.peapod.com/c/KK/KKNHZ.gif", "price": "59", "unit_price": "$.10/ oz", "name": "Pastene Tomato Paste", "cnid": "2543202054539", "productId": "61075", "size": "6 oz can"},
{"thumb": "http://i4.peapod.com/c/KK/KKNHZ.gif", "price": "199", "unit_price": "$.07/ oz", "name": "Pastene Tomato Puree", "cnid": "2543202054539", "productId": "161243", "size": "28 oz can"},
{"thumb": "http://i4.peapod.com/c/KK/KKNHZ.gif", "price": "299", "unit_price": "$.11/ oz", "name": "Pomi Tomatoes Chopped All Natural", "cnid": "2543202054539", "productId": "110981", "size": "26.4 oz ctn"},
{"thumb": "http://i4.peapod.com/c/KK/KKNHZ.gif", "price": "199", "unit_price": "$.07/ oz", "name": "Redpack Tomatoes Whole Peeled", "cnid": "2543202054539", "productId": "36901", "size": "28 oz can"},
{"thumb": "http://i4.peapod.com/c/KK/KKNHZ.gif", "price": "139", "unit_price": "$.05/ oz", "name": "Rienzi Tomatoes Crushed Peeled Imported", "cnid": "2543202054539", "productId": "96401", "size": "28 oz can"},
{"thumb": "http://i4.peapod.com/c/KK/KKNHZ.gif", "price": "139", "unit_price": "$.05/ oz", "name": "Rienzi Tomatoes Peeled Imported", "cnid": "2543202054539", "productId": "96404", "size": "28 oz can"},
{"thumb": "http://i4.peapod.com/c/KK/KKNHZ.gif", "price": "235", "unit_price": "$.07/ oz", "name": "Rienzi Tomatoes Peeled Imported with Basil", "cnid": "2543202054539", "productId": "96402", "size": "35 oz can"},
{"thumb": "http://i4.peapod.com/c/KK/KKNHZ.gif", "price": "139", "unit_price": "$.05/ oz", "name": "Rienzi Tomato Puree Imported", "cnid": "2543202054539", "productId": "96205", "size": "28 oz can"},
{"thumb": "http://i4.peapod.com/c/KK/KKNHZ.gif", "price": "100", "unit_price": "$.10/ oz", "name": "Ro-Tel Tomatoes Diced & Green Chilies Original", "cnid": "2543202054539", "productId": "30072", "size": "10 oz can"},
{"thumb": "http://i4.peapod.com/c/KK/KKNHZ.gif", "price": "149", "unit_price": "$.05/ oz", "name": "Stop & Shop Tomatoes Crushed Peeled", "cnid": "2543202054539", "productId": "62060", "size": "28 oz can"},
{"thumb": "http://i4.peapod.com/c/KK/KKNHZ.gif", "price": "149", "unit_price": "$.05/ oz", "name": "Stop & Shop Tomatoes Diced, Cut & Peeled", "cnid": "2543202054539", "productId": "130660", "size": "28 oz can"},
{"thumb": "http://i4.peapod.com/c/KK/KKNHZ.gif", "price": "60", "unit_price": "$.08/ oz", "name": "Stop & Shop Tomato Sauce", "cnid": "2543202054539", "productId": "56461", "size": "8 oz can"},
{"thumb": "http://i4.peapod.com/c/KK/KKNHZ.gif", "price": "60", "unit_price": "$.08/ oz", "name": "Stop & Shop Tomato Sauce No Salt Added", "cnid": "2543202054539", "productId": "56460", "size": "8 oz can"},
{"thumb": "http://i4.peapod.com/c/KK/KKNHZ.gif", "price": "399", "unit_price": "$3.99/ ea", "name": "Tomatoes Sun Dried Great Lakes", "cnid": "2543202054539", "productId": "164858", "size": "8 oz pkg"},
{"thumb": "http://i4.peapod.com/c/KK/KKNHZ.gif", "price": "249", "unit_price": "$2.49/ ea", "name": "Tomatoes Sun Dried Great Lakes", "cnid": "2543202054539", "productId": "127304", "size": "4 oz tub"},
{"thumb": "http://i4.peapod.com/c/KK/KKNHZ.gif", "price": "179", "unit_price": "$.06/ oz", "name": "Tuttorosso Tomatoes Crushed with Basil New World Style 100% Natural", "cnid": "2543202054539", "productId": "78556", "size": "28 oz can"},
{"thumb": "http://i4.peapod.com/c/KK/KKNHZ.gif", "price": "179", "unit_price": "$.06/ oz", "name": "Tuttorosso Tomatoes Diced in Tomato Juice New World Style 100% Natural", "cnid": "2543202054539", "productId": "162821", "size": "28 oz can"},
{"thumb": "http://i4.peapod.com/c/KK/KKNHZ.gif", "price": "200", "unit_price": "$.06/ oz", "name": "Tuttorosso Tomatoes Plum Shaped Peeled with Basil Flavor 100% Natural", "cnid": "2543202054539", "productId": "78551", "size": "35 oz can"},
{"thumb": "http://i4.peapod.com/c/KK/KKNHZ.gif", "price": "179", "unit_price": "$.06/ oz", "name": "Tuttorosso Tomato Puree New World Style", "cnid": "2543202054539", "productId": "96204", "size": "28 oz can"},
{"thumb": "http://i4.peapod.com/c/KK/KKNHZ.gif", "price": "179", "unit_price": "$.06/ oz", "name": "Tuttorosso Tomato Sauce New World Style 100% Natural", "cnid": "2543202054539", "productId": "137230", "size": "29 oz can"},
{"thumb": "http://i4.peapod.com/c/KK/KKNHZ.gif", "price": "399", "unit_price": "$.36/ oz", "name": "Entenmann's Little Bites Brownies Fudge - 5 ct", "cnid": "2703", "productId": "110891", "size": "11 oz box"},
{"thumb": "http://i4.peapod.com/c/KK/KKNHZ.gif", "price": "399", "unit_price": "$.48/ oz", "name": "Entenmann's Little Bites Muffins Banana Chocolate Chip - 5 ct", "cnid": "2703", "productId": "159050", "size": "8.25 oz box"},
{"thumb": "http://i4.peapod.com/c/KK/KKNHZ.gif", "price": "399", "unit_price": "$.48/ oz", "name": "Entenmann's Little Bites Muffins Blueberry - 5 ct", "cnid": "2703", "productId": "110892", "size": "8.25 oz box"},
{"thumb": "http://i4.peapod.com/c/KK/KKNHZ.gif", "price": "399", "unit_price": "$.48/ oz", "name": "Entenmann's Little Bites Muffins Chocolate Chip - 5 ct", "cnid": "2703", "productId": "119280", "size": "8.25 oz box"},
{"thumb": "http://i4.peapod.com/c/KK/KKNHZ.gif", "price": "449", "unit_price": "$.37/ oz", "name": "Entenmann's Mini Crumb Cakes Individually Wrapped - 6 ct", "cnid": "2703", "productId": "161957", "size": "12.2 oz box"},
{"thumb": "http://i4.peapod.com/c/KK/KKNHZ.gif", "price": "300", "unit_price": "$.57/ oz", "name": "General Mills Fiber One Brownies 90 Calorie Chocolate Fudge - 6 ct", "cnid": "2703", "productId": "167333", "size": "5.3 oz box"},
{"thumb": "http://i4.peapod.com/c/KK/KKNHZ.gif", "price": "300", "unit_price": "$.57/ oz", "name": "General Mills Fiber One Brownies 90 Calorie Chocolate Peanut Butter - 6 ct", "cnid": "2703", "productId": "169571", "size": "5.3 oz box"},
{"thumb": "http://i4.peapod.com/c/KK/KKNHZ.gif", "price": "179", "unit_price": "$.15/ oz", "name": "Little Debbie Bars Nutty 2 ct ea - 6 ct", "cnid": "2703", "productId": "11334", "size": "12 oz box"},
{"thumb": "http://i4.peapod.com/c/KK/KKNHZ.gif", "price": "350", "unit_price": "$.14/ oz", "name": "Little Debbie Bars Nutty Big Pack 2 ct ea - 12 ct", "cnid": "2703", "productId": "159053", "size": "25.2 oz pkg"},
{"thumb": "http://i4.peapod.com/c/KK/KKNHZ.gif", "price": "179", "unit_price": "$.14/ oz", "name": "Little Debbie Cosmic Brownies with Chocolate Chips - 6 ct", "cnid": "2703", "productId": "125893", "size": "13.1 oz box"},
{"thumb": "http://i4.peapod.com/c/KK/KKNHZ.gif", "price": "350", "unit_price": "$.11/ oz", "name": "Little Debbie Creme Pies Oatmeal Big Pack - 12 ct", "cnid": "2703", "productId": "159054", "size": "31.7 oz pkg"},
{"thumb": "http://i4.peapod.com/c/KK/KKNHZ.gif", "price": "309", "unit_price": "$.22/ oz", "name": "Little Debbie Cupcakes Chocolate Creme Filled - 8 ct", "cnid": "2703", "productId": "157082", "size": "14.3 oz pkg"},
{"thumb": "http://i4.peapod.com/c/KK/KKNHZ.gif", "price": "179", "unit_price": "$.17/ oz", "name": "Little Debbie Honey Buns - 6 ct", "cnid": "2703", "productId": "44220", "size": "10.6 oz box"},
{"thumb": "http://i4.peapod.com/c/KK/KKNHZ.gif", "price": "179", "unit_price": "$.11/ oz", "name": "Little Debbie Pies Oatmeal Creme - 12 ct", "cnid": "2703", "productId": "11331", "size": "16.2 oz box"},
{"thumb": "http://i4.peapod.com/c/KK/KKNHZ.gif", "price": "179", "unit_price": "$.14/ oz", "name": "Little Debbie Rolls Swiss Cake 2 ct ea - 6 ct", "cnid": "2703", "productId": "11340", "size": "13 oz box"},
{"thumb": "http://i4.peapod.com/c/KK/KKNHZ.gif", "price": "65", "unit_price": "$.32/ oz", "name": "Peggy Lawton Fudge Brownie", "cnid": "2703", "productId": "158624", "size": "2 oz pkg"},
{"thumb": "http://i4.peapod.com/c/KK/KKNHZ.gif", "price": "67", "unit_price": "$.17/ oz", "name": "Table Talk Snack Pie Apple 4 Inch", "cnid": "2703", "productId": "137859", "size": "4 oz pkg"},
{"thumb": "http://i4.peapod.com/c/KK/KKNHZ.gif", "price": "67", "unit_price": "$.17/ oz", "name": "Table Talk Snack Pie Blueberry 4 Inch", "cnid": "2703", "productId": "137860", "size": "4 oz pkg"},
{"thumb": "http://i4.peapod.com/c/KK/KKNHZ.gif", "price": "67", "unit_price": "$.17/ oz", "name": "Table Talk Snack Pie Lemon 4 Inch", "cnid": "2703", "productId": "137861", "size": "4 oz pkg"},
{"thumb": "http://i4.peapod.com/c/KK/KKNHZ.gif", "price": "449", "unit_price": "$.56/ oz", "name": "Tastykake Cake Kandy Kakes Chocolate w/Cream Filling Family Pack - 12 ct", "cnid": "2703", "productId": "128987", "size": "8 oz box"},
{"thumb": "http://i4.peapod.com/c/KK/KKNHZ.gif", "price": "449", "unit_price": "$.34/ oz", "name": "Tastykake Chocolate Juniors Yellow Layer Cake Chocolate Iced - 4 ct", "cnid": "2703", "productId": "149237", "size": "13.3 oz box"},
{"thumb": "http://i4.peapod.com/c/KK/KKNHZ.gif", "price": "449", "unit_price": "$.34/ oz", "name": "Tastykake Coconut Juniors Yellow Layer Cake Coconut Topped - 4 ct", "cnid": "2703", "productId": "143645", "size": "13.3 oz box"},
{"thumb": "http://i4.peapod.com/c/KK/KKNHZ.gif", "price": "350", "unit_price": "$.28/ oz", "name": "Tastykake Cupcakes Chocolate Chocolate Iced - 12 ct", "cnid": "2703", "productId": "83486", "size": "12.7 oz box"},
{"thumb": "http://i4.peapod.com/c/KK/KKNHZ.gif", "price": "350", "unit_price": "$.26/ oz", "name": "Tastykake Cupcakes Chocolate Cream Filled Buttercream Iced - 12 ct", "cnid": "2703", "productId": "83485", "size": "13.5 oz box"},
{"thumb": "http://i4.peapod.com/c/KK/KKNHZ.gif", "price": "350", "unit_price": "$.26/ oz", "name": "Tastykake Cupcakes Chocolate Cream Filled Chocolate Iced - 12 ct", "cnid": "2703", "productId": "83484", "size": "13.5 oz box"},
{"thumb": "http://i4.peapod.com/c/KK/KKNHZ.gif", "price": "449", "unit_price": "$.45/ oz", "name": "Tastykake Koffee Kake Juniors - 4 ct", "cnid": "2703", "productId": "128986", "size": "10 oz box"},
{"thumb": "http://i4.peapod.com/c/KK/KKNHZ.gif", "price": "449", "unit_price": "$.37/ oz", "name": "Tastykake Koffee Kakes Cream Filled Family Pack - 12 ct", "cnid": "2703", "productId": "120051", "size": "12 oz box"},
{"thumb": "http://i4.peapod.com/c/KK/KKNHZ.gif", "price": "449", "unit_price": "$.37/ oz", "name": "Tastykake Krimpets Butterscotch Iced - 12 ct", "cnid": "2703", "productId": "83487", "size": "12 oz box"},
{"thumb": "http://i4.peapod.com/c/KK/KKNHZ.gif", "price": "359", "unit_price": "$.70/ oz", "name": "Weight Watchers Brownies Chocolate - 4 ct", "cnid": "2703", "productId": "156682", "size": "5.1 oz box"},
{"thumb": "http://i4.peapod.com/c/KK/KKNHZ.gif", "price": "359", "unit_price": "$.63/ oz", "name": "Weight Watchers Cake Golden Sponge with Creamy Filling - 6 ct", "cnid": "2703", "productId": "153480", "size": "5.7 oz box"},
{"thumb": "http://i4.peapod.com/c/KK/KKNHZ.gif", "price": "359", "unit_price": "$.48/ oz", "name": "Weight Watchers Muffins Double Chocolate with Chocolate Chips - 3 ct", "cnid": "2703", "productId": "143070", "size": "7.5 oz box"},
{"thumb": "http://i4.peapod.com/c/KK/KKNHZ.gif", "price": "359", "unit_price": "$.63/ oz", "name": "Weight Watchers Snack Cakes Carrot Creme - 6 ct", "cnid": "2703", "productId": "143067", "size": "5.7 oz box"},
{"thumb": "http://i4.peapod.com/c/KK/KKNHZ.gif", "price": "359", "unit_price": "$.63/ oz", "name": "Weight Watchers Snack Cakes Chocolate Creme - 6 ct", "cnid": "2703", "productId": "143066", "size": "5.7 oz box"},
{"thumb": "http://i4.peapod.com/c/KK/KKNHZ.gif", "price": "359", "unit_price": "$.63/ oz", "name": "Weight Watchers Snack Cakes Lemon Creme - 6 ct", "cnid": "2703", "productId": "143068", "size": "5.7 oz box"},
{"thumb": "http://i4.peapod.com/c/KK/KKNHZ.gif", "price": "699", "unit_price": "$.87/ oz", "name": "Atkins Advantage Bar Caramel Chocolate Peanut Nougat - 5 ct", "cnid": "2698", "productId": "140758", "size": "8 oz box"},
{"thumb": "http://i4.peapod.com/c/KK/KKNHZ.gif", "price": "699", "unit_price": "$1.00/ oz", "name": "Atkins Advantage Bar Caramel Double Chocolate Crunch - 5 ct", "cnid": "2698", "productId": "140759", "size": "7 oz box"},
{"thumb": "http://i4.peapod.com/c/KK/KKNHZ.gif", "price": "699", "unit_price": "$.67/ oz", "name": "Atkins Advantage Bar Chocolate Chip Cookie Dough - 5 ct", "cnid": "2698", "productId": "161352", "size": "10.5 oz box"},
{"thumb": "http://i4.peapod.com/c/KK/KKNHZ.gif", "price": "699", "unit_price": "$.66/ oz", "name": "Atkins Advantage Bar Chocolate Peanut Butter - 5 ct", "cnid": "2698", "productId": "136596", "size": "10.5 oz box"},
{"thumb": "http://i4.peapod.com/c/KK/KKNHZ.gif", "price": "699", "unit_price": "$.82/ oz", "name": "Atkins Advantage Granola Bar Chocolate Chip - 5 ct", "cnid": "2698", "productId": "155068", "size": "8.5 oz box"},
{"thumb": "http://i4.peapod.com/c/KK/KKNHZ.gif", "price": "699", "unit_price": "$.82/ oz", "name": "Atkins Advantage Granola Bar Peanut Fudge - 5 ct", "cnid": "2698", "productId": "149710", "size": "8.5 oz box"},
{"thumb": "http://i4.peapod.com/c/KK/KKNHZ.gif", "price": "699", "unit_price": "$1.00/ oz", "name": "Atkins Day Break Baked Square Blueberry Almond - 5 ct", "cnid": "2698", "productId": "167524", "size": "7 oz box"},
{"thumb": "http://i4.peapod.com/c/KK/KKNHZ.gif", "price": "699", "unit_price": "$1.08/ oz", "name": "Atkins Day Break Bar Peanut Butter Fudge Crisp - 5 ct", "cnid": "2698", "productId": "167525", "size": "6.5 oz box"},
{"thumb": "http://i4.peapod.com/c/KK/KKNHZ.gif", "price": "699", "unit_price": "$1.00/ oz", "name": "Atkins Day Break Breakfast Bar Chocolate Hazelnut - 5 ct", "cnid": "2698", "productId": "161354", "size": "7 oz box"},
{"thumb": "http://i4.peapod.com/c/KK/KKNHZ.gif", "price": "699", "unit_price": "$1.16/ oz", "name": "Atkins Day Break Breakfast Bar Cranberry Almond - 5 ct", "cnid": "2698", "productId": "136604", "size": "6 oz box"},
{"thumb": "http://i4.peapod.com/c/KK/KKNHZ.gif", "price": "649", "unit_price": "$1.08/ oz", "name": "Atkins Endulge Bar Chocolate Caramel Mousse - 5 ct", "cnid": "2698", "productId": "167527", "size": "6 oz box"},
{"thumb": "http://i4.peapod.com/c/KK/KKNHZ.gif", "price": "599", "unit_price": "$.86/ oz", "name": "Atkins Endulge Bar Chocolate Coconut - 5 ct", "cnid": "2698", "productId": "140761", "size": "7 oz box"},
{"thumb": "http://i4.peapod.com/c/KK/KKNHZ.gif", "price": "125", "unit_price": "$.71/ oz", "name": "Balance Bar Gold Nutrition Energy Bar Caramel Nut Blast", "cnid": "2698", "productId": "126986", "size": "1.76 oz bar"},
{"thumb": "http://i4.peapod.com/c/KK/KKNHZ.gif", "price": "125", "unit_price": "$.71/ oz", "name": "Balance Bar Gold Nutrition Energy Bar Chocolate Peanut Butter", "cnid": "2698", "productId": "128300", "size": "1.76 oz bar"},
{"thumb": "http://i4.peapod.com/c/KK/KKNHZ.gif", "price": "125", "unit_price": "$.71/ oz", "name": "Balance Bar Nutrition Energy Bar Cookie Dough", "cnid": "2698", "productId": "140007", "size": "1.76 oz bar"},
{"thumb": "http://i4.peapod.com/c/KK/KKNHZ.gif", "price": "125", "unit_price": "$.71/ oz", "name": "Balance Bar Nutrition Energy Bar Mocha Chip", "cnid": "2698", "productId": "127484", "size": "1.76 oz bar"},
{"thumb": "http://i4.peapod.com/c/KK/KKNHZ.gif", "price": "399", "unit_price": "$.54/ oz", "name": "Cascadian Farm Chewy Granola Bars Chocolate Chip Organic - 6 ct", "cnid": "2698", "productId": "154212", "size": "7.4 oz box"},
{"thumb": "http://i4.peapod.com/c/KK/KKNHZ.gif", "price": "125", "unit_price": "$.52/ oz", "name": "Clif Builder's Protein Bar 20g Chocolate", "cnid": "2698", "productId": "146889", "size": "2.4 oz bar"},
{"thumb": "http://i4.peapod.com/c/KK/KKNHZ.gif", "price": "125", "unit_price": "$.52/ oz", "name": "Clif Builder's Protein Bar 20g Chocolate Mint", "cnid": "2698", "productId": "155485", "size": "2.4 oz bar"},
{"thumb": "http://i4.peapod.com/c/KK/KKNHZ.gif", "price": "125", "unit_price": "$.52/ oz", "name": "Clif Builder's Protein Bar 20g Chocolate Peanut Butter", "cnid": "2698", "productId": "146890", "size": "2.4 oz bar"},
{"thumb": "http://i4.peapod.com/c/KK/KKNHZ.gif", "price": "125", "unit_price": "$.52/ oz", "name": "Clif Builder's Protein Bar 20g Cookies 'n Cream", "cnid": "2698", "productId": "158115", "size": "2.4 oz bar"},
{"thumb": "http://i4.peapod.com/c/KK/KKNHZ.gif", "price": "125", "unit_price": "$.52/ oz", "name": "Clif Builder's Protein Bar 20g Vanilla Almond", "cnid": "2698", "productId": "148011", "size": "2.4 oz bar"},
{"thumb": "http://i4.peapod.com/c/KK/KKNHZ.gif", "price": "100", "unit_price": "$.42/ oz", "name": "Clif Energy Bar Black Cherry Almond", "cnid": "2698", "productId": "140011", "size": "2.4 oz bar"},
{"thumb": "http://i4.peapod.com/c/KK/KKNHZ.gif", "price": "100", "unit_price": "$.42/ oz", "name": "Clif Energy Bar Blueberry Crisp", "cnid": "2698", "productId": "154700", "size": "2.4 oz bar"},
{"thumb": "http://i4.peapod.com/c/KK/KKNHZ.gif", "price": "100", "unit_price": "$.42/ oz", "name": "Clif Energy Bar Chocolate Brownie", "cnid": "2698", "productId": "140012", "size": "2.4 oz bar"},
{"thumb": "http://i4.peapod.com/c/KK/KKNHZ.gif", "price": "100", "unit_price": "$.42/ oz", "name": "Clif Energy Bar Chocolate Chip", "cnid": "2698", "productId": "99854", "size": "2.4 oz bar"},
{"thumb": "http://i4.peapod.com/c/KK/KKNHZ.gif", "price": "1425", "unit_price": "$.50/ oz", "name": "Clif Energy Bar Chocolate Chip - 12 ct", "cnid": "2698", "productId": "154550", "size": "28.8 oz box"},
{"thumb": "http://i4.peapod.com/c/KK/KKNHZ.gif", "price": "125", "unit_price": "$.52/ oz", "name": "Clif Energy Bar Chocolate Chip Peanut Crunch", "cnid": "2698", "productId": "109781", "size": "2.4 oz bar"},
{"thumb": "http://i4.peapod.com/c/KK/KKNHZ.gif", "price": "125", "unit_price": "$.52/ oz", "name": "Clif Energy Bar Cool Mint Chocolate", "cnid": "2698", "productId": "152191", "size": "2.4 oz bar"},
{"thumb": "http://i4.peapod.com/c/KK/KKNHZ.gif", "price": "1425", "unit_price": "$.50/ oz", "name": "Clif Energy Bar Cool Mint Chocolate - 12 ct", "cnid": "2698", "productId": "161129", "size": "28.8 oz box"},
{"thumb": "http://i4.peapod.com/c/KK/KKNHZ.gif", "price": "100", "unit_price": "$.42/ oz", "name": "Clif Energy Bar Crunchy Peanut Butter", "cnid": "2698", "productId": "85932", "size": "2.4 oz bar"},
{"thumb": "http://i4.peapod.com/c/KK/KKNHZ.gif", "price": "1425", "unit_price": "$.50/ oz", "name": "Clif Energy Bar Crunchy Peanut Butter - 12 ct", "cnid": "2698", "productId": "161130", "size": "28.8 oz box"},
{"thumb": "http://i4.peapod.com/c/KK/KKNHZ.gif", "price": "100", "unit_price": "$.42/ oz", "name": "Clif Energy Bar Oatmeal Raisin Walnut", "cnid": "2698", "productId": "153573", "size": "2.4 oz bar"},
{"thumb": "http://i4.peapod.com/c/KK/KKNHZ.gif", "price": "100", "unit_price": "$.42/ oz", "name": "Clif Energy Bar Peanut Toffee Buzz", "cnid": "2698", "productId": "163382", "size": "2.4 oz bar"},
{"thumb": "http://i4.peapod.com/c/KK/KKNHZ.gif", "price": "100", "unit_price": "$.42/ oz", "name": "Clif Energy Bar White Chocolate Macadamia Nut", "cnid": "2698", "productId": "158133", "size": "2.4 oz bar"},
{"thumb": "http://i4.peapod.com/c/KK/KKNHZ.gif", "price": "399", "unit_price": "$.52/ oz", "name": "Clif Kid ZBaR Honey Graham Organic - 6 ct", "cnid": "2698", "productId": "163168", "size": "7.62 oz box"},
{"thumb": "http://i4.peapod.com/c/KK/KKNHZ.gif", "price": "125", "unit_price": "$.79/ oz", "name": "Clif Mojo Sweet & Salty Trail Mix Bar Peanut Butter Pretzel", "cnid": "2698", "productId": "158132", "size": "1.59 oz bar"},
{"thumb": "http://i4.peapod.com/c/KK/KKNHZ.gif", "price": "179", "unit_price": "$.85/ oz", "name": "EAS AdvantEdge Carb Control Bar Chocolate Peanut Butter", "cnid": "2698", "productId": "133340", "size": "2.11 oz bar"},
{"thumb": "http://i4.peapod.com/c/KK/KKNHZ.gif", "price": "1299", "unit_price": "$.19/ oz", "name": "EAS Myoplex Original Dietary Protein Supplement RTD Chocolate Fudge - 4 ct", "cnid": "2698", "productId": "143524", "size": "68 oz pkg"},
{"thumb": "http://i4.peapod.com/c/KK/KKNHZ.gif", "price": "289", "unit_price": "$.32/ oz", "name": "Entenmann's Multigrain Cereal Bar Chocolate Chip - 8 ct", "cnid": "2698", "productId": "74030", "size": "9 oz box"},
{"thumb": "http://i4.peapod.com/c/KK/KKNHZ.gif", "price": "300", "unit_price": "$.73/ oz", "name": "General Mills Fiber One Chewy Bar 90 Calorie Chocolate - 5 ct", "cnid": "2698", "productId": "158642", "size": "4.1 oz box"},
{"thumb": "http://i4.peapod.com/c/KK/KKNHZ.gif", "price": "300", "unit_price": "$.43/ oz", "name": "General Mills Fiber One Chewy Bar Chocolate Mocha - 5 ct", "cnid": "2698", "productId": "157139", "size": "7 oz box"},
{"thumb": "http://i4.peapod.com/c/KK/KKNHZ.gif", "price": "300", "unit_price": "$.43/ oz", "name": "General Mills Fiber One Chewy Bar Oats & Caramel - 5 ct", "cnid": "2698", "productId": "149142", "size": "7 oz box"},
{"thumb": "http://i4.peapod.com/c/KK/KKNHZ.gif", "price": "599", "unit_price": "$.43/ oz", "name": "General Mills Fiber One Chewy Bar Oats & Chocolate - 10 ct", "cnid": "2698", "productId": "167503", "size": "14.1 oz box"},
{"thumb": "http://i4.peapod.com/c/KK/KKNHZ.gif", "price": "300", "unit_price": "$.43/ oz", "name": "General Mills Fiber One Chewy Bar Oats & Chocolate - 5 ct", "cnid": "2698", "productId": "145352", "size": "7 oz box"},
{"thumb": "http://i4.peapod.com/c/KK/KKNHZ.gif", "price": "300", "unit_price": "$.43/ oz", "name": "General Mills Fiber One Chewy Bar Oats & Peanut Butter - 5 ct", "cnid": "2698", "productId": "145353", "size": "7 oz box"},
{"thumb": "http://i4.peapod.com/c/KK/KKNHZ.gif", "price": "399", "unit_price": "$.54/ oz", "name": "Kashi Chewy Granola Bars Cherry Dark Chocolate - 6 ct", "cnid": "2698", "productId": "145017", "size": "7.4 oz box"},
{"thumb": "http://i4.peapod.com/c/KK/KKNHZ.gif", "price": "399", "unit_price": "$.54/ oz", "name": "Kashi Chewy Granola Bars Honey Almond Flax - 6 ct", "cnid": "2698", "productId": "138231", "size": "7.4 oz box"},
{"thumb": "http://i4.peapod.com/c/KK/KKNHZ.gif", "price": "399", "unit_price": "$.54/ oz", "name": "Kashi Chewy Granola Bars Peanut Peanut Butter - 6 ct", "cnid": "2698", "productId": "138232", "size": "7.4 oz box"},
{"thumb": "http://i4.peapod.com/c/KK/KKNHZ.gif", "price": "399", "unit_price": "$.54/ oz", "name": "Kashi Chewy Granola Bars Trail Mix - 6 ct", "cnid": "2698", "productId": "138230", "size": "7.4 oz box"},
{"thumb": "http://i4.peapod.com/c/KK/KKNHZ.gif", "price": "399", "unit_price": "$.47/ oz", "name": "Kashi Crunchy Granola Bars Pumpkin Spice Flax - 6 ct", "cnid": "2698", "productId": "146015", "size": "8.4 oz box"},
{"thumb": "http://i4.peapod.com/c/KK/KKNHZ.gif", "price": "133", "unit_price": "$.84/ oz", "name": "Kashi GOLEAN Crisp! Bar Chocolate Almond", "cnid": "2698", "productId": "156337", "size": "1.59 oz pkg"},
{"thumb": "http://i4.peapod.com/c/KK/KKNHZ.gif", "price": "399", "unit_price": "$.60/ oz", "name": "Kashi Layered Granola Bar Dark Chocolate Coconut All Natural - 6 ct", "cnid": "2698", "productId": "153400", "size": "6.7 oz box"},
{"thumb": "http://i4.peapod.com/c/KK/KKNHZ.gif", "price": "399", "unit_price": "$.60/ oz", "name": "Kashi Layered Granola Bars Peanutty Dark Chocolate All Natural - 6 ct", "cnid": "2698", "productId": "184705", "size": "6.7 oz box"},
{"thumb": "http://i4.peapod.com/c/KK/KKNHZ.gif", "price": "399", "unit_price": "$.55/ oz", "name": "Kashi Soft Baked Cereal Bars Ripe Strawberry All Natural - 6 ct", "cnid": "2698", "productId": "151538", "size": "7.2 oz box"},
{"thumb": "http://i4.peapod.com/c/KK/KKNHZ.gif", "price": "250", "unit_price": "$.40/ oz", "name": "Kellogg's FiberPlus Antioxidants Chewy Bar Caramel Coconut Fudge - 5 ct", "cnid": "2698", "productId": "161838", "size": "6.3 oz box"},
{"thumb": "http://i4.peapod.com/c/KK/KKNHZ.gif", "price": "250", "unit_price": "$.40/ oz", "name": "Kellogg's FiberPlus Antioxidants Chewy Bar Chocolate Chip - 5 ct", "cnid": "2698", "productId": "153406", "size": "6.3 oz box"},
{"thumb": "http://i4.peapod.com/c/KK/KKNHZ.gif", "price": "250", "unit_price": "$.40/ oz", "name": "Kellogg's FiberPlus Antioxidants Chewy Bar Dark Chocolate Almond - 5 ct", "cnid": "2698", "productId": "153407", "size": "6.3 oz box"},
{"thumb": "http://i4.peapod.com/c/KK/KKNHZ.gif", "price": "300", "unit_price": "$.29/ oz", "name": "Kellogg's Nutri-Grain Cereal Bar Apple Cinnamon - 8 ct", "cnid": "2698", "productId": "3929", "size": "10.4 oz box"},
{"thumb": "http://i4.peapod.com/c/KK/KKNHZ.gif", "price": "300", "unit_price": "$.29/ oz", "name": "Kellogg's Nutri-Grain Cereal Bar Blueberry - 8 ct", "cnid": "2698", "productId": "3930", "size": "10.4 oz box"},
{"thumb": "http://i4.peapod.com/c/KK/KKNHZ.gif", "price": "300", "unit_price": "$.29/ oz", "name": "Kellogg's Nutri-Grain Cereal Bar Mixed Berry - 8 ct", "cnid": "2698", "productId": "79582", "size": "10.4 oz box"},
{"thumb": "http://i4.peapod.com/c/KK/KKNHZ.gif", "price": "300", "unit_price": "$.29/ oz", "name": "Kellogg's Nutri-Grain Cereal Bar Strawberry - 8 ct", "cnid": "2698", "productId": "3931", "size": "10.4 oz box"},
{"thumb": "http://i4.peapod.com/c/KK/KKNHZ.gif", "price": "549", "unit_price": "$.44/ oz", "name": "Kellogg's Rice Krispies Treats - 16 ct", "cnid": "2698", "productId": "40938", "size": "12.4 oz box"},
{"thumb": "http://i4.peapod.com/c/KK/KKNHZ.gif", "price": "249", "unit_price": "$.40/ oz", "name": "Kellogg's Rice Krispies Treats - 8 ct", "cnid": "2698", "productId": "40937", "size": "6.2 oz box"},
{"thumb": "http://i4.peapod.com/c/KK/KKNHZ.gif", "price": "249", "unit_price": "$.51/ oz", "name": "Kellogg's Special K Cereal Bar Blueberry - 6 ct", "cnid": "2698", "productId": "128711", "size": "4.86 oz box"},
{"thumb": "http://i4.peapod.com/c/KK/KKNHZ.gif", "price": "249", "unit_price": "$.54/ oz", "name": "Kellogg's Special K Cereal Bar Chocolatey Pretzel - 6 ct", "cnid": "2698", "productId": "155367", "size": "4.6 oz box"},
{"thumb": "http://i4.peapod.com/c/KK/KKNHZ.gif", "price": "599", "unit_price": "$.62/ oz", "name": "Kellogg's Special K Cereal Bars Red Berries - 12 ct", "cnid": "2698", "productId": "135457", "size": "9.72 oz box"},
{"thumb": "http://i4.peapod.com/c/KK/KKNHZ.gif", "price": "249", "unit_price": "$.51/ oz", "name": "Kellogg's Special K Cereal Bars Red Berries - 6 ct", "cnid": "2698", "productId": "128712", "size": "4.86 oz box"},
{"thumb": "http://i4.peapod.com/c/KK/KKNHZ.gif", "price": "249", "unit_price": "$.53/ oz", "name": "Kellogg's Special K Cereal Bar Vanilla Crisp - 6 ct", "cnid": "2698", "productId": "135458", "size": "4.7 oz box"},
{"thumb": "http://i4.peapod.com/c/KK/KKNHZ.gif", "price": "249", "unit_price": "$.57/ oz", "name": "Kellogg's Special K Pastry Crisps Blueberry - 5 ct", "cnid": "2698", "productId": "157734", "size": "4.4 oz box"},
{"thumb": "http://i4.peapod.com/c/KK/KKNHZ.gif", "price": "249", "unit_price": "$.57/ oz", "name": "Kellogg's Special K Pastry Crisps Brown Sugar Cinnamon - 5 ct", "cnid": "2698", "productId": "190324", "size": "4.4 oz box"},
{"thumb": "http://i4.peapod.com/c/KK/KKNHZ.gif", "price": "249", "unit_price": "$.57/ oz", "name": "Kellogg's Special K Pastry Crisps Chocolatey Delight - 5 ct", "cnid": "2698", "productId": "190323", "size": "4.4 oz box"},
{"thumb": "http://i4.peapod.com/c/KK/KKNHZ.gif", "price": "249", "unit_price": "$.57/ oz", "name": "Kellogg's Special K Pastry Crisps Strawberry - 5 ct", "cnid": "2698", "productId": "157735", "size": "4.4 oz box"},
{"thumb": "http://i4.peapod.com/c/KK/KKNHZ.gif", "price": "699", "unit_price": "$.74/ oz", "name": "Kellogg's Special K Protein Meal Bar Chocolate Peanut Butter - 6 ct", "cnid": "2698", "productId": "143937", "size": "9.5 oz box"},
{"thumb": "http://i4.peapod.com/c/KK/KKNHZ.gif", "price": "699", "unit_price": "$.74/ oz", "name": "Kellogg's Special K Protein Meal Bar Double Chocolate - 6 ct", "cnid": "2698", "productId": "142913", "size": "9.5 oz box"},
{"thumb": "http://i4.peapod.com/c/KK/KKNHZ.gif", "price": "125", "unit_price": "$.74/ oz", "name": "LUNA Nutrition Bar for Women Blueberry Bliss", "cnid": "2698", "productId": "163433", "size": "1.69 oz bar"},
{"thumb": "http://i4.peapod.com/c/KK/KKNHZ.gif", "price": "125", "unit_price": "$.74/ oz", "name": "LUNA Nutrition Bar for Women Caramel Nut Brownie", "cnid": "2698", "productId": "140520", "size": "1.69 oz bar"},
{"thumb": "http://i4.peapod.com/c/KK/KKNHZ.gif", "price": "125", "unit_price": "$.74/ oz", "name": "LUNA Nutrition Bar for Women Chocolate Peppermint Stick", "cnid": "2698", "productId": "151426", "size": "1.69 oz bar"},
{"thumb": "http://i4.peapod.com/c/KK/KKNHZ.gif", "price": "125", "unit_price": "$.74/ oz", "name": "LUNA Nutrition Bar for Women Lemon Zest", "cnid": "2698", "productId": "114462", "size": "1.69 oz bar"},
{"thumb": "http://i4.peapod.com/c/KK/KKNHZ.gif", "price": "125", "unit_price": "$.74/ oz", "name": "LUNA Nutrition Bar for Women Nutz Over Chocolate Organic", "cnid": "2698", "productId": "114463", "size": "1.69 oz bar"},
{"thumb": "http://i4.peapod.com/c/KK/KKNHZ.gif", "price": "125", "unit_price": "$.74/ oz", "name": "LUNA Nutrition Bar for Women S'mores", "cnid": "2698", "productId": "125065", "size": "1.69 oz bar"},
{"thumb": "http://i4.peapod.com/c/KK/KKNHZ.gif", "price": "200", "unit_price": "$.57/ oz", "name": "Met-Rx Big 100 Colossal Bar Super Cookie Crunch", "cnid": "2698", "productId": "155428", "size": "3.5 oz bar"},
{"thumb": "http://i4.peapod.com/c/KK/KKNHZ.gif", "price": "200", "unit_price": "$.57/ oz", "name": "Met-Rx Big 100 Meal Replacement Bar Chocolate Chip Cookie Dough", "cnid": "2698", "productId": "92985", "size": "3.53 oz bar"},
{"thumb": "http://i4.peapod.com/c/KK/KKNHZ.gif", "price": "200", "unit_price": "$.67/ oz", "name": "Met-Rx Protein Plus Bar Chocolate Chocolate Chunk", "cnid": "2698", "productId": "153570", "size": "3 oz bar"},
{"thumb": "http://i4.peapod.com/c/KK/KKNHZ.gif", "price": "300", "unit_price": "$.34/ oz", "name": "Nabisco belVita Breakfast Biscuits Blueberry - 5 ct", "cnid": "2698", "productId": "186069", "size": "8.8 oz box"},
{"thumb": "http://i4.peapod.com/c/KK/KKNHZ.gif", "price": "300", "unit_price": "$.34/ oz", "name": "Nabisco belVita Breakfast Biscuits Golden Oat - 5 ct", "cnid": "2698", "productId": "186068", "size": "8.8 oz box"},
{"thumb": "http://i4.peapod.com/c/KK/KKNHZ.gif", "price": "89", "unit_price": "$.89/ oz", "name": "Nature's Promise Organics Snack Bar Peanut Butter Honey Roasted", "cnid": "2698", "productId": "154201", "size": "1 oz bar"},
{"thumb": "http://i4.peapod.com/c/KK/KKNHZ.gif", "price": "379", "unit_price": "$.51/ oz", "name": "Nature Valley Chewy Trail Mix Bars Fruit & Nut 100% Natural - 6 ct", "cnid": "2698", "productId": "124351", "size": "7.4 oz box"},
{"thumb": "http://i4.peapod.com/c/KK/KKNHZ.gif", "price": "379", "unit_price": "$.43/ oz", "name": "Nature Valley Crunchy Granola Bars Maple & Brown Sugar 100% Natural-12 ct", "cnid": "2698", "productId": "123410", "size": "8.9 oz box"},
{"thumb": "http://i4.peapod.com/c/KK/KKNHZ.gif", "price": "379", "unit_price": "$.43/ oz", "name": "Nature Valley Crunchy Granola Bars Oats 'n Honey 100% Natural - 12 ct", "cnid": "2698", "productId": "1143", "size": "8.9 oz box"},
{"thumb": "http://i4.peapod.com/c/KK/KKNHZ.gif", "price": "379", "unit_price": "$.43/ oz", "name": "Nature Valley Crunchy Granola Bars Peanut Butter 100% Natural - 12 ct", "cnid": "2698", "productId": "26915", "size": "8.9 oz box"},
{"thumb": "http://i4.peapod.com/c/KK/KKNHZ.gif", "price": "379", "unit_price": "$.43/ oz", "name": "Nature Valley Crunchy Granola Bars Variety Pack 100% Natural - 12 ct", "cnid": "2698", "productId": "1140", "size": "8.9 oz box"},
{"thumb": "http://i4.peapod.com/c/KK/KKNHZ.gif", "price": "679", "unit_price": "$.38/ oz", "name": "Nature Valley Crunchy Granola Bars Variety Pack 100% Natural - 24 ct", "cnid": "2698", "productId": "158644", "size": "17.8 oz box"},
{"thumb": "http://i4.peapod.com/c/KK/KKNHZ.gif", "price": "379", "unit_price": "$.63/ oz", "name": "Nature Valley Granola Thins Crispy Squares Dark Chocolate Natural - 10 ct", "cnid": "2698", "productId": "159503", "size": "6 oz box"},
{"thumb": "http://i4.peapod.com/c/KK/KKNHZ.gif", "price": "379", "unit_price": "$.63/ oz", "name": "Nature Valley Granola Thins Peanut Butter - 10 ct", "cnid": "2698", "productId": "159504", "size": "6 oz box"},
{"thumb": "http://i4.peapod.com/c/KK/KKNHZ.gif", "price": "379", "unit_price": "$.53/ oz", "name": "Nature Valley Protein Chewy Granola Bars Peanut/Almond/Dark Chocolate-5 ct", "cnid": "2698", "productId": "178019", "size": "7.1 oz box"},
{"thumb": "http://i4.peapod.com/c/KK/KKNHZ.gif", "price": "379", "unit_price": "$.53/ oz", "name": "Nature Valley Protein Chewy Granola Bars Peanut Butter Dark Chocolate-5 ct", "cnid": "2698", "productId": "178020", "size": "7.1 oz box"},
{"thumb": "http://i4.peapod.com/c/KK/KKNHZ.gif", "price": "379", "unit_price": "$.51/ oz", "name": "Nature Valley Sweet & Salty Nut Granola Bars Almond - 6 ct", "cnid": "2698", "productId": "144567", "size": "7.4 oz box"},
{"thumb": "http://i4.peapod.com/c/KK/KKNHZ.gif", "price": "379", "unit_price": "$.51/ oz", "name": "Nature Valley Sweet & Salty Nut Granola Bars Cashew - 6 ct", "cnid": "2698", "productId": "141600", "size": "7.4 oz box"},
{"thumb": "http://i4.peapod.com/c/KK/KKNHZ.gif", "price": "379", "unit_price": "$.51/ oz", "name": "Nature Valley Sweet & Salty Nut Granola Bars Dark Choc, Peanut, Almond 6ct", "cnid": "2698", "productId": "159498", "size": "7.44 oz box"},
{"thumb": "http://i4.peapod.com/c/KK/KKNHZ.gif", "price": "379", "unit_price": "$.51/ oz", "name": "Nature Valley Sweet & Salty Nut Granola Bars Peanut - 6 ct", "cnid": "2698", "productId": "136582", "size": "7.4 oz box"},
{"thumb": "http://i4.peapod.com/c/KK/KKNHZ.gif", "price": "150", "unit_price": "$.75/ oz", "name": "Odwalla Nourishing Food Bar Banana Nut", "cnid": "2698", "productId": "142736", "size": "2 oz bar"},
{"thumb": "http://i4.peapod.com/c/KK/KKNHZ.gif", "price": "150", "unit_price": "$.75/ oz", "name": "Odwalla Nourishing Food Bar Berries GoMega", "cnid": "2698", "productId": "136611", "size": "2 oz bar"},
{"thumb": "http://i4.peapod.com/c/KK/KKNHZ.gif", "price": "150", "unit_price": "$.75/ oz", "name": "Odwalla Nourishing Food Bar Chocolate Chip Peanut", "cnid": "2698", "productId": "128949", "size": "2 oz bar"},
{"thumb": "http://i4.peapod.com/c/KK/KKNHZ.gif", "price": "150", "unit_price": "$.75/ oz", "name": "Odwalla Nourishing Food Bar Choco-walla", "cnid": "2698", "productId": "143865", "size": "2 oz bar"},
{"thumb": "http://i4.peapod.com/c/KK/KKNHZ.gif", "price": "169", "unit_price": "$.85/ oz", "name": "Odwalla Nourishing Food Bar Strawberry Pomegranate", "cnid": "2698", "productId": "142739", "size": "2 oz bar"},
{"thumb": "http://i4.peapod.com/c/KK/KKNHZ.gif", "price": "150", "unit_price": "$.75/ oz", "name": "Odwalla Nourishing Food Bar Super Protein", "cnid": "2698", "productId": "128953", "size": "2 oz bar"},
{"thumb": "http://i4.peapod.com/c/KK/KKNHZ.gif", "price": "169", "unit_price": "$.85/ oz", "name": "Odwalla Superfood Bar Original", "cnid": "2698", "productId": "159465", "size": "2 oz bar"},
{"thumb": "http://i4.peapod.com/c/KK/KKNHZ.gif", "price": "100", "unit_price": "$.46/ oz", "name": "PowerBar Harvest Whole Grain Energy Bar Double Chocolate Dipped", "cnid": "2698", "productId": "128876", "size": "2.2 oz bar"},
{"thumb": "http://i4.peapod.com/c/KK/KKNHZ.gif", "price": "100", "unit_price": "$.44/ oz", "name": "PowerBar Harvest Whole Grain Energy Bar Peanut Butter Chocolate Chip", "cnid": "2698", "productId": "117643", "size": "2.29 oz bar"},
{"thumb": "http://i4.peapod.com/c/KK/KKNHZ.gif", "price": "100", "unit_price": "$.44/ oz", "name": "PowerBar Harvest Whole Grain Energy Bar Toffee Chocolate Chip", "cnid": "2698", "productId": "128298", "size": "2.29 oz bar"},
{"thumb": "http://i4.peapod.com/c/KK/KKNHZ.gif", "price": "100", "unit_price": "$.44/ oz", "name": "PowerBar Performance Energy Bar Chocolate", "cnid": "2698", "productId": "22170", "size": "2.29 oz bar"},
{"thumb": "http://i4.peapod.com/c/KK/KKNHZ.gif", "price": "100", "unit_price": "$.44/ oz", "name": "PowerBar Performance Energy Bar Chocolate Peanut Butter", "cnid": "2698", "productId": "114009", "size": "2.29 oz bar"},
{"thumb": "http://i4.peapod.com/c/KK/KKNHZ.gif", "price": "100", "unit_price": "$.44/ oz", "name": "PowerBar Performance Energy Bar Cookies & Cream", "cnid": "2698", "productId": "138272", "size": "2.29 oz bar"},
{"thumb": "http://i4.peapod.com/c/KK/KKNHZ.gif", "price": "100", "unit_price": "$.44/ oz", "name": "PowerBar Performance Energy Bar Peanut Butter", "cnid": "2698", "productId": "82758", "size": "2.29 oz bar"},
{"thumb": "http://i4.peapod.com/c/KK/KKNHZ.gif", "price": "100", "unit_price": "$.44/ oz", "name": "PowerBar Performance Energy Bar Vanilla Crisp", "cnid": "2698", "productId": "112802", "size": "2.29 oz bar"},
{"thumb": "http://i4.peapod.com/c/KK/KKNHZ.gif", "price": "100", "unit_price": "$1.02/ oz", "name": "PowerBar Pria 110 Plus Nutritional Bar Chocolate Peanut Crunch", "cnid": "2698", "productId": "128296", "size": ".98 oz bar"},
{"thumb": "http://i4.peapod.com/c/KK/KKNHZ.gif", "price": "100", "unit_price": "$1.02/ oz", "name": "PowerBar Pria Nutritional Bar Double Chocolate Cookie", "cnid": "2698", "productId": "128297", "size": ".98 oz bar"},
{"thumb": "http://i4.peapod.com/c/KK/KKNHZ.gif", "price": "100", "unit_price": "$1.02/ oz", "name": "PowerBar Pria Nutritional Bar Mint Chocolate Cookie", "cnid": "2698", "productId": "140014", "size": ".98 oz bar"},
{"thumb": "http://i4.peapod.com/c/KK/KKNHZ.gif", "price": "166", "unit_price": "$.78/ oz", "name": "PowerBar ProteinPlus 23g Protein Bar Vanilla Yogurt", "cnid": "2698", "productId": "114468", "size": "2.12 oz pkg"},
{"thumb": "http://i4.peapod.com/c/KK/KKNHZ.gif", "price": "100", "unit_price": "$.51/ oz", "name": "PowerBar Triple Threat Energy Bar Chocolate Peanut Butter Crisp Flavor", "cnid": "2698", "productId": "156339", "size": "1.94 oz bar"},
{"thumb": "http://i4.peapod.com/c/KK/KKNHZ.gif", "price": "100", "unit_price": "$.51/ oz", "name": "PowerBar Triple Threat Layered Energy Bar Caramel Peanut Fusion", "cnid": "2698", "productId": "156338", "size": "1.94 oz bar"},
{"thumb": "http://i4.peapod.com/c/KK/KKNHZ.gif", "price": "299", "unit_price": "$.46/ oz", "name": "Quaker Chewy Dipps Granola Bars Chocolate Chip - 6 ct", "cnid": "2698", "productId": "126755", "size": "6.5 oz box"},
{"thumb": "http://i4.peapod.com/c/KK/KKNHZ.gif", "price": "299", "unit_price": "$.47/ oz", "name": "Quaker Chewy Dipps Granola Bars Peanut Butter - 6 ct", "cnid": "2698", "productId": "126757", "size": "6.3 oz box"},
{"thumb": "http://i4.peapod.com/c/KK/KKNHZ.gif", "price": "329", "unit_price": "$.49/ oz", "name": "Quaker Chewy Granola Bars 25% Less Sugar Chocolate Chip - 8 ct", "cnid": "2698", "productId": "138517", "size": "6.7 oz box"},
{"thumb": "http://i4.peapod.com/c/KK/KKNHZ.gif", "price": "329", "unit_price": "$.49/ oz", "name": "Quaker Chewy Granola Bars Chocolate Chip - 8 ct", "cnid": "2698", "productId": "2854", "size": "6.7 oz box"},
{"thumb": "http://i4.peapod.com/c/KK/KKNHZ.gif", "price": "329", "unit_price": "$.49/ oz", "name": "Quaker Chewy Granola Bars Low Fat Chocolate Chunk - 8 ct", "cnid": "2698", "productId": "28728", "size": "6.7 oz box"},
{"thumb": "http://i4.peapod.com/c/KK/KKNHZ.gif", "price": "329", "unit_price": "$.49/ oz", "name": "Quaker Chewy Granola Bars Low Fat Smores - 8 ct", "cnid": "2698", "productId": "23824", "size": "6.7 oz box"},
{"thumb": "http://i4.peapod.com/c/KK/KKNHZ.gif", "price": "329", "unit_price": "$.49/ oz", "name": "Quaker Chewy Granola Bars Peanut Butter Chocolate - 8 ct", "cnid": "2698", "productId": "23823", "size": "6.7 oz box"},
{"thumb": "http://i4.peapod.com/c/KK/KKNHZ.gif", "price": "329", "unit_price": "$.49/ oz", "name": "Quaker Chewy Granola Bars Variety Pack - 8 ct", "cnid": "2698", "productId": "2857", "size": "6.7 oz box"},
{"thumb": "http://i4.peapod.com/c/KK/KKNHZ.gif", "price": "250", "unit_price": "$.34/ oz", "name": "Quaker Soft Baked Bars Cinnamon Pecan Bread - 5 ct", "cnid": "2698", "productId": "177968", "size": "7.4 oz box"},
{"thumb": "http://i4.peapod.com/c/KK/KKNHZ.gif", "price": "599", "unit_price": "$.65/ oz", "name": "Slim-Fast 3-2-1 Plan Meal Bar Chocolate Cookie Dough - 5 ct", "cnid": "2698", "productId": "168529", "size": "9.17 oz box"},
{"thumb": "http://i4.peapod.com/c/KK/KKNHZ.gif", "price": "599", "unit_price": "$.65/ oz", "name": "Slim-Fast 3-2-1 Plan Meal Bar Chocolate Fudge Brownie - 5 ct", "cnid": "2698", "productId": "168530", "size": "9.17 oz box"},
{"thumb": "http://i4.peapod.com/c/KK/KKNHZ.gif", "price": "399", "unit_price": "$.82/ oz", "name": "Slim-Fast 3-2-1 Plan Snack Bar Peanut Butter Crunch 100 Calorie - 6 ct", "cnid": "2698", "productId": "156347", "size": "4.86 oz box"},
{"thumb": "http://i4.peapod.com/c/KK/KKNHZ.gif", "price": "119", "unit_price": "$1.12/ oz", "name": "SOYJOY Fruit & Soy Bar Strawberry All Natural", "cnid": "2698", "productId": "149040", "size": "1.06 oz bar"},
{"thumb": "http://i4.peapod.com/c/KK/KKNHZ.gif", "price": "119", "unit_price": "$1.12/ oz", "name": "SOYJOY Soy & Fruit Bar Berry All Natural", "cnid": "2698", "productId": "145812", "size": "1.06 oz bar"},
{"thumb": "http://i4.peapod.com/c/KK/KKNHZ.gif", "price": "299", "unit_price": "$.36/ oz", "name": "Stop & Shop Chewy Granola Bars Chocolate Chip - 10 ct", "cnid": "2698", "productId": "57761", "size": "8.4 oz box"},
{"thumb": "http://i4.peapod.com/c/KK/KKNHZ.gif", "price": "299", "unit_price": "$.36/ oz", "name": "Stop & Shop Chewy Granola Bars Chocolate Chunk - 10 ct", "cnid": "2698", "productId": "127074", "size": "8.4 oz box"},
{"thumb": "http://i4.peapod.com/c/KK/KKNHZ.gif", "price": "299", "unit_price": "$.36/ oz", "name": "Stop & Shop Chewy Granola Bars Peanut Butter Chocolate - 10 ct", "cnid": "2698", "productId": "57764", "size": "8.4 oz box"},
{"thumb": "http://i4.peapod.com/c/KK/KKNHZ.gif", "price": "299", "unit_price": "$.36/ oz", "name": "Stop & Shop Chewy Granola Bars Variety - 10 ct", "cnid": "2698", "productId": "57759", "size": "8.4 oz box"},
{"thumb": "http://i4.peapod.com/c/KK/KKNHZ.gif", "price": "279", "unit_price": "$.27/ oz", "name": "Stop & Shop Fruit & Grain Cereal Bar Apple Cinnamon - 8 ct", "cnid": "2698", "productId": "57769", "size": "10.4 oz box"},
{"thumb": "http://i4.peapod.com/c/KK/KKNHZ.gif", "price": "279", "unit_price": "$.27/ oz", "name": "Stop & Shop Fruit & Grain Cereal Bar Blueberry - 8 ct", "cnid": "2698", "productId": "147166", "size": "10.4 oz box"},
{"thumb": "http://i4.peapod.com/c/KK/KKNHZ.gif", "price": "279", "unit_price": "$.27/ oz", "name": "Stop & Shop Fruit & Grain Cereal Bar Raspberry - 8 ct", "cnid": "2698", "productId": "57767", "size": "10.4 oz box"},
{"thumb": "http://i4.peapod.com/c/KK/KKNHZ.gif", "price": "279", "unit_price": "$.27/ oz", "name": "Stop & Shop Fruit & Grain Cereal Bar Strawberry - 8 ct", "cnid": "2698", "productId": "57772", "size": "10.4 oz box"},
{"thumb": "http://i4.peapod.com/c/KK/KKNHZ.gif", "price": "125", "unit_price": "$.71/ oz", "name": "ZonePerfect Nutrition Bar Chocolate Caramel Cluster All Natural", "cnid": "2698", "productId": "135577", "size": "1.76 oz bar"},
{"thumb": "http://i4.peapod.com/c/KK/KKNHZ.gif", "price": "125", "unit_price": "$.71/ oz", "name": "ZonePerfect Nutrition Bar Chocolate Peanut Butter All Natural", "cnid": "2698", "productId": "116296", "size": "1.76 oz bar"},
{"thumb": "http://i4.peapod.com/c/KK/KKNHZ.gif", "price": "125", "unit_price": "$.79/ oz", "name": "ZonePerfect Nutrition Bar Dark Chocolate Caramel Pecan All Natural", "cnid": "2698", "productId": "155239", "size": "1.58 oz bar"},
{"thumb": "http://i4.peapod.com/c/KK/KKNHZ.gif", "price": "125", "unit_price": "$.79/ oz", "name": "ZonePerfect Nutrition Bar Dark Chocolate Strawberry", "cnid": "2698", "productId": "152197", "size": "1.58 oz bar"},
{"thumb": "http://i4.peapod.com/c/KK/KKNHZ.gif", "price": "125", "unit_price": "$.71/ oz", "name": "ZonePerfect Nutrition Bar Fudge Graham All Natural", "cnid": "2698", "productId": "137672", "size": "1.76 oz bar"},
{"thumb": "http://i4.peapod.com/c/KK/KKNHZ.gif", "price": "125", "unit_price": "$.71/ oz", "name": "ZonePerfect Nutrition Bar Strawberry Yogurt All Natural", "cnid": "2698", "productId": "116297", "size": "1.76 oz bar"},
{"thumb": "http://i4.peapod.com/c/KK/KKNHZ.gif", "price": "279", "unit_price": "$.22/ oz", "name": "Jell-O Gelatin Snacks Black Cherry Sugar Free - 4 pk", "cnid": "2695", "productId": "113715", "size": "12.5 oz pkg"},
{"thumb": "http://i4.peapod.com/c/KK/KKNHZ.gif", "price": "279", "unit_price": "$.22/ oz", "name": "Jell-O Gelatin Snacks Lemon Lime Sugar Free - 4 pk", "cnid": "2695", "productId": "127613", "size": "12.5 oz pkg"},
{"thumb": "http://i4.peapod.com/c/KK/KKNHZ.gif", "price": "279", "unit_price": "$.21/ oz", "name": "Jell-O Gelatin Snacks Orange - 4 pk", "cnid": "2695", "productId": "190843", "size": "13.5 oz pkg"},
{"thumb": "http://i4.peapod.com/c/KK/KKNHZ.gif", "price": "279", "unit_price": "$.21/ oz", "name": "Jell-O Gelatin Snacks Strawberry - 4 pk", "cnid": "2695", "productId": "19147", "size": "13.5 oz pkg"},
{"thumb": "http://i4.peapod.com/c/KK/KKNHZ.gif", "price": "279", "unit_price": "$.22/ oz", "name": "Jell-O Gelatin Snacks Strawberry Sugar Free - 4 pk", "cnid": "2695", "productId": "27430", "size": "12.5 oz pkg"},
{"thumb": "http://i4.peapod.com/c/KK/KKNHZ.gif", "price": "279", "unit_price": "$.18/ oz", "name": "Jell-O Pudding Snacks Chocolate - 4 pk", "cnid": "2695", "productId": "6082", "size": "15.5 oz pkg"},
{"thumb": "http://i4.peapod.com/c/KK/KKNHZ.gif", "price": "279", "unit_price": "$.19/ oz", "name": "Jell-O Pudding Snacks Chocolate Sugar Free - 4 pk", "cnid": "2695", "productId": "136694", "size": "14.5 oz pkg"},
{"thumb": "http://i4.peapod.com/c/KK/KKNHZ.gif", "price": "279", "unit_price": "$.18/ oz", "name": "Jell-O Pudding Snacks Chocolate Vanilla Swirls - 4 pk", "cnid": "2695", "productId": "21990", "size": "15.5 oz pkg"},
{"thumb": "http://i4.peapod.com/c/KK/KKNHZ.gif", "price": "279", "unit_price": "$.18/ oz", "name": "Jell-O Pudding Snacks Chocolate Vanilla Swirls Fat Free - 4 pk", "cnid": "2695", "productId": "21991", "size": "15.5 oz pkg"},
{"thumb": "http://i4.peapod.com/c/KK/KKNHZ.gif", "price": "279", "unit_price": "$.19/ oz", "name": "Jell-O Pudding Snacks Chocolate Vanilla Swirls Sugar Free - 4 pk", "cnid": "2695", "productId": "136693", "size": "14.5 oz pkg"},
{"thumb": "http://i4.peapod.com/c/KK/KKNHZ.gif", "price": "279", "unit_price": "$.19/ oz", "name": "Jell-O Pudding Snacks Double Chocolate Sugar Free - 4 pk", "cnid": "2695", "productId": "139759", "size": "14.5 oz pkg"},
{"thumb": "http://i4.peapod.com/c/KK/KKNHZ.gif", "price": "279", "unit_price": "$.21/ oz", "name": "Jell-O Pudding Snacks S'More - 4 pk", "cnid": "2695", "productId": "184144", "size": "13.1 oz pkg"},
{"thumb": "http://i4.peapod.com/c/KK/KKNHZ.gif", "price": "279", "unit_price": "$.19/ oz", "name": "Jell-O Pudding Snacks Vanilla - 4 pk", "cnid": "2695", "productId": "54192", "size": "14.5 oz pkg"},
{"thumb": "http://i4.peapod.com/c/KK/KKNHZ.gif", "price": "279", "unit_price": "$.19/ oz", "name": "Jell-O Pudding Snacks Vanilla Sugar Free - 4 pk", "cnid": "2695", "productId": "139758", "size": "14.5 oz pkg"},
{"thumb": "http://i4.peapod.com/c/KK/KKNHZ.gif", "price": "399", "unit_price": "$.18/ oz", "name": "Kozy Shack Pudding Chocolate", "cnid": "2695", "productId": "98913", "size": "22 oz tub"},
{"thumb": "http://i4.peapod.com/c/KK/KKNHZ.gif", "price": "399", "unit_price": "$.17/ oz", "name": "Kozy Shack Pudding Rice - 6 pk", "cnid": "2695", "productId": "139022", "size": "24 oz pkg"},
{"thumb": "http://i4.peapod.com/c/KK/KKNHZ.gif", "price": "359", "unit_price": "$.22/ oz", "name": "Kozy Shack Pudding Rice No Sugar Added - 4 pk", "cnid": "2695", "productId": "148448", "size": "16 oz pkg"},
{"thumb": "http://i4.peapod.com/c/KK/KKNHZ.gif", "price": "399", "unit_price": "$.18/ oz", "name": "Kozy Shack Pudding Rice Original", "cnid": "2695", "productId": "68889", "size": "22 oz tub"},
{"thumb": "http://i4.peapod.com/c/KK/KKNHZ.gif", "price": "399", "unit_price": "$.18/ oz", "name": "Kozy Shack Pudding Tapioca", "cnid": "2695", "productId": "93169", "size": "22 oz tub"},
{"thumb": "http://i4.peapod.com/c/KK/KKNHZ.gif", "price": "359", "unit_price": "$.22/ oz", "name": "Kozy Shack Pudding Tapioca No Sugar Added - 4 pk", "cnid": "2695", "productId": "138808", "size": "16 oz pkg"},
{"thumb": "http://i4.peapod.com/c/KK/KKNHZ.gif", "price": "100", "unit_price": "$.08/ oz", "name": "Snack Pack Pudding Butterscotch - 4 pk", "cnid": "2695", "productId": "20263", "size": "13 oz pkg"},
{"thumb": "http://i4.peapod.com/c/KK/KKNHZ.gif", "price": "419", "unit_price": "$.11/ oz", "name": "Snack Pack Pudding Chocolate & Vanilla - 12 pk", "cnid": "2695", "productId": "108042", "size": "39 oz pkg"},
{"thumb": "http://i4.peapod.com/c/KK/KKNHZ.gif", "price": "100", "unit_price": "$.08/ oz", "name": "Snack Pack Pudding Chocolate - 4 pk", "cnid": "2695", "productId": "2461", "size": "13 oz pkg"},
{"thumb": "http://i4.peapod.com/c/KK/KKNHZ.gif", "price": "100", "unit_price": "$.08/ oz", "name": "Snack Pack Pudding Chocolate Fat Free - 4 pk", "cnid": "2695", "productId": "13995", "size": "13 oz pkg"},
{"thumb": "http://i4.peapod.com/c/KK/KKNHZ.gif", "price": "100", "unit_price": "$.08/ oz", "name": "Snack Pack Pudding Chocolate Sugar Free - 4 pk", "cnid": "2695", "productId": "134488", "size": "13 oz pkg"},
{"thumb": "http://i4.peapod.com/c/KK/KKNHZ.gif", "price": "100", "unit_price": "$.08/ oz", "name": "Snack Pack Pudding Milk Chocolate Variety - 4 pk", "cnid": "2695", "productId": "20098", "size": "13 oz pkg"},
{"thumb": "http://i4.peapod.com/c/KK/KKNHZ.gif", "price": "100", "unit_price": "$.08/ oz", "name": "Snack Pack Pudding Vanilla - 4 pk", "cnid": "2695", "productId": "2463", "size": "13 oz pkg"},
{"thumb": "http://i4.peapod.com/c/KK/KKNHZ.gif", "price": "89", "unit_price": "$.06/ oz", "name": "Stop & Shop Pudding Cups Chocolate - 4 pk", "cnid": "2695", "productId": "130675", "size": "14 oz pkg"},
{"thumb": "http://i4.peapod.com/c/KK/KKNHZ.gif", "price": "89", "unit_price": "$.06/ oz", "name": "Stop & Shop Pudding Cups Vanilla - 4 pk", "cnid": "2695", "productId": "130704", "size": "14 oz pkg"},
{"thumb": "http://i4.peapod.com/c/KK/KKNHZ.gif", "price": "349", "unit_price": "$.35/ oz", "name": "Bachman Pretzels Rolled Rods Original All Natural", "cnid": "2694", "productId": "37499", "size": "10 oz bag"},
{"thumb": "http://i4.peapod.com/c/KK/KKNHZ.gif", "price": "349", "unit_price": "$.58/ oz", "name": "Bachman Pretzel Stix 100 Calorie Snack Trays All Natural - 6 pk", "cnid": "2694", "productId": "37500", "size": "6 oz pkg"},
{"thumb": "http://i4.peapod.com/c/KK/KKNHZ.gif", "price": "349", "unit_price": "$.35/ oz", "name": "Bachman Twist Pretzels Original All Natural", "cnid": "2694", "productId": "37494", "size": "10 oz bag"},
{"thumb": "http://i4.peapod.com/c/KK/KKNHZ.gif", "price": "659", "unit_price": "$.47/ oz", "name": "Glutino Pretzel Sticks Gluten & Wheat Free Family Pack", "cnid": "2694", "productId": "149797", "size": "14.1 oz bag"},
{"thumb": "http://i4.peapod.com/c/KK/KKNHZ.gif", "price": "659", "unit_price": "$.47/ oz", "name": "Glutino Pretzel Twists Gluten & Wheat Free Family Pack", "cnid": "2694", "productId": "149798", "size": "14.1 oz bag"},
{"thumb": "http://i4.peapod.com/c/KK/KKNHZ.gif", "price": "300", "unit_price": "$.68/ oz", "name": "Keebler Right Bites 100 Calorie Packs Fudge Dipped Pretzels - 6 ct", "cnid": "2694", "productId": "157808", "size": "4.44 oz box"},
{"thumb": "http://i4.peapod.com/c/KK/KKNHZ.gif", "price": "299", "unit_price": "$.64/ oz", "name": "Nabisco SnackWell's 100 Calorie Packs Fudge Covered Pretzels - 6 ct", "cnid": "2694", "productId": "177893", "size": "4.68 oz box"},
{"thumb": "http://i4.peapod.com/c/KK/KKNHZ.gif", "price": "199", "unit_price": "$.25/ oz", "name": "Nature's Promise Organics Pretzel Sticks Honey Wheat", "cnid": "2694", "productId": "146621", "size": "8 oz bag"},
{"thumb": "http://i4.peapod.com/c/KK/KKNHZ.gif", "price": "199", "unit_price": "$.25/ oz", "name": "Nature's Promise Organics Pretzel Sticks Oat Bran", "cnid": "2694", "productId": "146622", "size": "8 oz bag"},
{"thumb": "http://i4.peapod.com/c/KK/KKNHZ.gif", "price": "299", "unit_price": "$.50/ oz", "name": "Pepperidge Farm Baked Naturals Pretzel Thins Simply Pretzel", "cnid": "2694", "productId": "149883", "size": "6 oz box"},
{"thumb": "http://i4.peapod.com/c/KK/KKNHZ.gif", "price": "249", "unit_price": "$.31/ oz", "name": "Pepperidge Farm Goldfish Pretzels", "cnid": "2694", "productId": "797", "size": "8 oz bag"},
{"thumb": "http://i4.peapod.com/c/KK/KKNHZ.gif", "price": "300", "unit_price": "$.25/ oz", "name": "Rold Gold Pretzel Rods Classic Style", "cnid": "2694", "productId": "2672", "size": "12 oz bag"},
{"thumb": "http://i4.peapod.com/c/KK/KKNHZ.gif", "price": "300", "unit_price": "$.30/ oz", "name": "Rold Gold Pretzels Braided Twists Honey Wheat", "cnid": "2694", "productId": "127858", "size": "10 oz bag"},
{"thumb": "http://i4.peapod.com/c/KK/KKNHZ.gif", "price": "300", "unit_price": "$.20/ oz", "name": "Rold Gold Pretzels Classic Style Thins All Natural", "cnid": "2694", "productId": "85947", "size": "15 oz bag"},
{"thumb": "http://i4.peapod.com/c/KK/KKNHZ.gif", "price": "300", "unit_price": "$.19/ oz", "name": "Rold Gold Pretzel Sticks Classic Style All Natural", "cnid": "2694", "productId": "41169", "size": "16 oz bag"},
{"thumb": "http://i4.peapod.com/c/KK/KKNHZ.gif", "price": "300", "unit_price": "$.19/ oz", "name": "Rold Gold Pretzels Tiny Twists Classic Style All Natural", "cnid": "2694", "productId": "104872", "size": "16 oz bag"},
{"thumb": "http://i4.peapod.com/c/KK/KKNHZ.gif", "price": "229", "unit_price": "$.12/ oz", "name": "Shultz Fun-Tas-Stix Pretzels Low Fat", "cnid": "2694", "productId": "143035", "size": "20 oz bag"},
{"thumb": "http://i4.peapod.com/c/KK/KKNHZ.gif", "price": "229", "unit_price": "$.12/ oz", "name": "Shultz Pretzels Mini Low Fat", "cnid": "2694", "productId": "143036", "size": "20 oz bag"},
{"thumb": "http://i4.peapod.com/c/KK/KKNHZ.gif", "price": "399", "unit_price": "$.67/ oz", "name": "Snack Factory Pretzel Crisps Deli Style Buffalo Wing All Natural", "cnid": "2694", "productId": "167523", "size": "6 oz bag"},
{"thumb": "http://i4.peapod.com/c/KK/KKNHZ.gif", "price": "399", "unit_price": "$.55/ oz", "name": "Snack Factory Pretzel Crisps Deli Style Everything All Natural", "cnid": "2694", "productId": "161857", "size": "7.2 oz bag"},
{"thumb": "http://i4.peapod.com/c/KK/KKNHZ.gif", "price": "399", "unit_price": "$.55/ oz", "name": "Snack Factory Pretzel Crisps Deli Style Garlic Parmesan All Natural", "cnid": "2694", "productId": "146585", "size": "7.2 oz bag"},
{"thumb": "http://i4.peapod.com/c/KK/KKNHZ.gif", "price": "399", "unit_price": "$.55/ oz", "name": "Snack Factory Pretzel Crisps Deli Style Original All Natural", "cnid": "2694", "productId": "146584", "size": "7.2 oz bag"},
{"thumb": "http://i4.peapod.com/c/KK/KKNHZ.gif", "price": "499", "unit_price": "$.36/ oz", "name": "Snack Factory Pretzel Crisps Deli Style Original All Natural", "cnid": "2694", "productId": "186006", "size": "14 oz bag"},
{"thumb": "http://i4.peapod.com/c/KK/KKNHZ.gif", "price": "399", "unit_price": "$.55/ oz", "name": "Snack Factory Pretzel Crisps Deli Style Sesame All Natural", "cnid": "2694", "productId": "186005", "size": "7.2 oz bag"},
{"thumb": "http://i4.peapod.com/c/KK/KKNHZ.gif", "price": "399", "unit_price": "$.44/ oz", "name": "Snyder's of Hanover 100 Calorie Pack Pretzel Minis - 10 ct", "cnid": "2694", "productId": "141221", "size": "9 oz pkg"},
{"thumb": "http://i4.peapod.com/c/KK/KKNHZ.gif", "price": "399", "unit_price": "$.44/ oz", "name": "Snyder's of Hanover 100 Calorie Pack Pretzel Snaps - 10 ct", "cnid": "2694", "productId": "131414", "size": "9 oz pkg"},
{"thumb": "http://i4.peapod.com/c/KK/KKNHZ.gif", "price": "399", "unit_price": "$.44/ oz", "name": "Snyder's of Hanover 100 Calorie Pack Pretzel Sticks - 10 ct", "cnid": "2694", "productId": "131413", "size": "9 oz pkg"},
{"thumb": "http://i4.peapod.com/c/KK/KKNHZ.gif", "price": "699", "unit_price": "$.35/ oz", "name": "Snyder's of Hanover 100 Calorie Pack Pretzels Variety Pack - 22 ct", "cnid": "2694", "productId": "159141", "size": "19.8 oz bag"},
{"thumb": "http://i4.peapod.com/c/KK/KKNHZ.gif", "price": "239", "unit_price": "$.15/ oz", "name": "Snyder's of Hanover Pretzel Nibblers Sourdough Fat Free All Natural", "cnid": "2694", "productId": "80543", "size": "16 oz bag"},
{"thumb": "http://i4.peapod.com/c/KK/KKNHZ.gif", "price": "349", "unit_price": "$.29/ oz", "name": "Snyder's of Hanover Pretzel Nibblers Sourdough Honey Mustard & Onion", "cnid": "2694", "productId": "80548", "size": "12 oz bag"},
{"thumb": "http://i4.peapod.com/c/KK/KKNHZ.gif", "price": "300", "unit_price": "$.25/ oz", "name": "Snyder's of Hanover Pretzel Pieces Cheddar Cheese", "cnid": "2694", "productId": "106367", "size": "12 oz bag"},
{"thumb": "http://i4.peapod.com/c/KK/KKNHZ.gif", "price": "300", "unit_price": "$.25/ oz", "name": "Snyder's of Hanover Pretzel Pieces Honey Mustard & Onion", "cnid": "2694", "productId": "21076", "size": "12 oz bag"},
{"thumb": "http://i4.peapod.com/c/KK/KKNHZ.gif", "price": "349", "unit_price": "$.29/ oz", "name": "Snyder's of Hanover Pretzel Rods", "cnid": "2694", "productId": "49547", "size": "12 oz bag"},
{"thumb": "http://i4.peapod.com/c/KK/KKNHZ.gif", "price": "300", "unit_price": "$.38/ oz", "name": "Snyder's of Hanover Pretzel Sandwiches Cheddar Cheese", "cnid": "2694", "productId": "137748", "size": "8 oz bag"},
{"thumb": "http://i4.peapod.com/c/KK/KKNHZ.gif", "price": "300", "unit_price": "$.38/ oz", "name": "Snyder's of Hanover Pretzel Sandwiches Peanut Butter", "cnid": "2694", "productId": "137749", "size": "8 oz bag"},
{"thumb": "http://i4.peapod.com/c/KK/KKNHZ.gif", "price": "269", "unit_price": "$.22/ oz", "name": "Snyder's of Hanover Pretzels Braided Twists Honey Wheat", "cnid": "2694", "productId": "133912", "size": "12 oz bag"},
{"thumb": "http://i4.peapod.com/c/KK/KKNHZ.gif", "price": "329", "unit_price": "$.21/ oz", "name": "Snyder's of Hanover Pretzels Mini Fat Free All Natural", "cnid": "2694", "productId": "80755", "size": "16 oz bag"},
{"thumb": "http://i4.peapod.com/c/KK/KKNHZ.gif", "price": "299", "unit_price": "$.25/ oz", "name": "Snyder's of Hanover Pretzels Mini Unsalted Fat Free", "cnid": "2694", "productId": "80758", "size": "12 oz bag"},
{"thumb": "http://i4.peapod.com/c/KK/KKNHZ.gif", "price": "329", "unit_price": "$.21/ oz", "name": "Snyder's of Hanover Pretzel Snaps All Natural", "cnid": "2694", "productId": "127498", "size": "16 oz bag"},
{"thumb": "http://i4.peapod.com/c/KK/KKNHZ.gif", "price": "299", "unit_price": "$.25/ oz", "name": "Snyder's of Hanover Pretzels Old Fashioned Dipping Sticks", "cnid": "2694", "productId": "44292", "size": "12 oz bag"},
{"thumb": "http://i4.peapod.com/c/KK/KKNHZ.gif", "price": "329", "unit_price": "$.21/ oz", "name": "Snyder's of Hanover Pretzels Old Tyme", "cnid": "2694", "productId": "80703", "size": "16 oz bag"},
{"thumb": "http://i4.peapod.com/c/KK/KKNHZ.gif", "price": "349", "unit_price": "$.29/ oz", "name": "Snyder's of Hanover Pretzels Snaps Butter", "cnid": "2694", "productId": "116849", "size": "12 oz bag"},
{"thumb": "http://i4.peapod.com/c/KK/KKNHZ.gif", "price": "329", "unit_price": "$.24/ oz", "name": "Snyder's of Hanover Pretzels Sourdough Hard Fat Free", "cnid": "2694", "productId": "12378", "size": "13.5 oz box"},
{"thumb": "http://i4.peapod.com/c/KK/KKNHZ.gif", "price": "329", "unit_price": "$.21/ oz", "name": "Snyder's of Hanover Pretzels Thin Fat Free All Natural", "cnid": "2694", "productId": "80541", "size": "16 oz bag"},
{"thumb": "http://i4.peapod.com/c/KK/KKNHZ.gif", "price": "329", "unit_price": "$.21/ oz", "name": "Snyder's of Hanover Pretzel Sticks All Natural", "cnid": "2694", "productId": "80704", "size": "16 oz bag"},
{"thumb": "http://i4.peapod.com/c/KK/KKNHZ.gif", "price": "249", "unit_price": "$.08/ oz", "name": "Cousin Willie's Original Popcorn Yellow", "cnid": "2685", "productId": "52989", "size": "2 lb bag"},
{"thumb": "http://i4.peapod.com/c/KK/KKNHZ.gif", "price": "499", "unit_price": "$.08/ oz", "name": "Cousin Willie Popcorn Original Yellow", "cnid": "2685", "productId": "52988", "size": "4 lb bag"},
{"thumb": "http://i4.peapod.com/c/KK/KKNHZ.gif", "price": "259", "unit_price": "$.65/ ea", "name": "Jolly Time Healthy Pop Microwave Popcorn 100 Calorie Butter Mini Bags", "cnid": "2685", "productId": "155649", "size": "4 ct box"},
{"thumb": "http://i4.peapod.com/c/KK/KKNHZ.gif", "price": "259", "unit_price": "$.86/ ea", "name": "Jolly Time Healthy Pop Microwave Popcorn Butter Flavor", "cnid": "2685", "productId": "120619", "size": "3 ct box"},
{"thumb": "http://i4.peapod.com/c/KK/KKNHZ.gif", "price": "259", "unit_price": "$.86/ ea", "name": "Jolly Time Healthy Pop Microwave Popcorn Crispy White Naturally Flavored", "cnid": "2685", "productId": "160466", "size": "3 ct box"},
{"thumb": "http://i4.peapod.com/c/KK/KKNHZ.gif", "price": "299", "unit_price": "$.56/ oz", "name": "Nabisco SnackWell's Popcorn Caramel Fudge Drizzled - 5 ct", "cnid": "2685", "productId": "162603", "size": "5.3 oz box"},
{"thumb": "http://i4.peapod.com/c/KK/KKNHZ.gif", "price": "300", "unit_price": "$1.00/ ea", "name": "Nature's Promise Organics Microwave Popcorn Natural Flavor", "cnid": "2685", "productId": "155126", "size": "3 ct box"},
{"thumb": "http://i4.peapod.com/c/KK/KKNHZ.gif", "price": "250", "unit_price": "$.83/ ea", "name": "Newman's Own Microwave Popcorn All Natural", "cnid": "2685", "productId": "11012", "size": "3 ct box"},
{"thumb": "http://i4.peapod.com/c/KK/KKNHZ.gif", "price": "249", "unit_price": "$.31/ oz", "name": "Old Tyme Caramel Popcorn", "cnid": "2685", "productId": "164848", "size": "8 oz tub"},
{"thumb": "http://i4.peapod.com/c/KK/KKNHZ.gif", "price": "529", "unit_price": "$.18/ oz", "name": "Orville Redenbacher's Gourmet Popping Corn Original", "cnid": "2685", "productId": "2472", "size": "30 oz jar"},
{"thumb": "http://i4.peapod.com/c/KK/KKNHZ.gif", "price": "359", "unit_price": "$1.20/ ea", "name": "Orville Redenbacher's Microwave Popcorn Kettle Corn", "cnid": "2685", "productId": "126414", "size": "3 ct box"},
{"thumb": "http://i4.peapod.com/c/KK/KKNHZ.gif", "price": "359", "unit_price": "$1.20/ ea", "name": "Orville Redenbacher's Microwave Popcorn Pop Up Bowl Butter Light", "cnid": "2685", "productId": "188202", "size": "3 ct box"},
{"thumb": "http://i4.peapod.com/c/KK/KKNHZ.gif", "price": "400", "unit_price": "$.67/ ea", "name": "Orville Redenbacher's Microwave Popcorn Pop Up Bowl Butter Light", "cnid": "2685", "productId": "23128", "size": "6 ct box"},
{"thumb": "http://i4.peapod.com/c/KK/KKNHZ.gif", "price": "400", "unit_price": "$.67/ ea", "name": "Orville Redenbacher's Microwave Popcorn Pop Up Bowl Movie Theater Butter", "cnid": "2685", "productId": "162858", "size": "6 ct box"},
{"thumb": "http://i4.peapod.com/c/KK/KKNHZ.gif", "price": "359", "unit_price": "$.90/ ea", "name": "Orville Redenbacher's Microwave Popcorn Smart Pop! Butter Single Serve", "cnid": "2685", "productId": "129895", "size": "4 ct box"},
{"thumb": "http://i4.peapod.com/c/KK/KKNHZ.gif", "price": "400", "unit_price": "$.40/ ea", "name": "Orville Redenbacher's Microwave Popcorn Smart Pop! Kettle Corn Mini Bags", "cnid": "2685", "productId": "144995", "size": "10 ct box"},
{"thumb": "http://i4.peapod.com/c/KK/KKNHZ.gif", "price": "359", "unit_price": "$1.20/ ea", "name": "Orville Redenbacher's Microwave Popcorn Smart Pop! Pop Up Bowl Butter", "cnid": "2685", "productId": "162578", "size": "3 ct box"},
{"thumb": "http://i4.peapod.com/c/KK/KKNHZ.gif", "price": "449", "unit_price": "$.46/ oz", "name": "Popcorn, Indiana Kettlecorn Popcorn All Natural", "cnid": "2685", "productId": "142625", "size": "9.75 oz bag"},
{"thumb": "http://i4.peapod.com/c/KK/KKNHZ.gif", "price": "449", "unit_price": "$.67/ oz", "name": "Popcorn, Indiana Popcorn Movie Theater with Real Butter All Natural", "cnid": "2685", "productId": "156017", "size": "6.75 oz bag"},
{"thumb": "http://i4.peapod.com/c/KK/KKNHZ.gif", "price": "449", "unit_price": "$.90/ oz", "name": "Popcorn, Indiana Popcorn Sea Salt All Natural", "cnid": "2685", "productId": "156333", "size": "5 oz bag"},
{"thumb": "http://i4.peapod.com/c/KK/KKNHZ.gif", "price": "299", "unit_price": "$1.00/ ea", "name": "Pop Secret Microwave Popcorn Kettle Corn", "cnid": "2685", "productId": "126585", "size": "3 ct box"},
{"thumb": "http://i4.peapod.com/c/KK/KKNHZ.gif", "price": "515", "unit_price": "$.86/ ea", "name": "Pop Secret Microwave Popcorn Movie Theater Butter", "cnid": "2685", "productId": "45625", "size": "6 ct box"},
{"thumb": "http://i4.peapod.com/c/KK/KKNHZ.gif", "price": "300", "unit_price": "$.35/ oz", "name": "Smartfood Popcorn White Cheddar Cheese", "cnid": "2685", "productId": "113650", "size": "8.5 oz bag"},
{"thumb": "http://i4.peapod.com/c/KK/KKNHZ.gif", "price": "429", "unit_price": "$.57/ oz", "name": "Smartfood Popcorn White Cheddar Cheese Lunch Packs - 12 ct", "cnid": "2685", "productId": "125968", "size": "7.5 oz bag"},
{"thumb": "http://i4.peapod.com/c/KK/KKNHZ.gif", "price": "300", "unit_price": "$.33/ oz", "name": "Smartfood Popcorn White Cheddar Cheese Reduced Fat", "cnid": "2685", "productId": "191669", "size": "9 oz bag"},
{"thumb": "http://i4.peapod.com/c/KK/KKNHZ.gif", "price": "195", "unit_price": "$.65/ ea", "name": "Stop & Shop Microwave Popcorn Movie Theater Butter", "cnid": "2685", "productId": "82702", "size": "3 ct box"},
{"thumb": "http://i4.peapod.com/c/KK/KKNHZ.gif", "price": "599", "unit_price": "$5.99/ ea", "name": "Almonds Whole Natural Ziploc Bag", "cnid": "2666", "productId": "134070", "size": "12 oz bag"},
{"thumb": "http://i4.peapod.com/c/KK/KKNHZ.gif", "price": "299", "unit_price": "$.20/ oz", "name": "Amport Foods Sunflower Seeds Salted", "cnid": "2666", "productId": "127309", "size": "15 oz bag"},
{"thumb": "http://i4.peapod.com/c/KK/KKNHZ.gif", "price": "399", "unit_price": "$.43/ oz", "name": "Aurora Cranberry Health Mix", "cnid": "2666", "productId": "139674", "size": "9.25 oz tub"},
{"thumb": "http://i4.peapod.com/c/KK/KKNHZ.gif", "price": "399", "unit_price": "$.23/ oz", "name": "Aurora Forest Bounty Trail Mix", "cnid": "2666", "productId": "178951", "size": "17.5 oz tub"},
{"thumb": "http://i4.peapod.com/c/KK/KKNHZ.gif", "price": "399", "unit_price": "$.28/ oz", "name": "Aurora Granola Cranberry Vanilla All Natural", "cnid": "2666", "productId": "159068", "size": "14 oz tub"},
{"thumb": "http://i4.peapod.com/c/KK/KKNHZ.gif", "price": "399", "unit_price": "$.26/ oz", "name": "Aurora Granola Honey Nut All Natural", "cnid": "2666", "productId": "159004", "size": "15.5 oz tub"},
{"thumb": "http://i4.peapod.com/c/KK/KKNHZ.gif", "price": "399", "unit_price": "$.28/ oz", "name": "Aurora Granola Vanilla All Natural", "cnid": "2666", "productId": "135586", "size": "14 oz tub"},
{"thumb": "http://i4.peapod.com/c/KK/KKNHZ.gif", "price": "499", "unit_price": "$.36/ oz", "name": "Aurora Natural Salad Fixins'", "cnid": "2666", "productId": "157385", "size": "14 oz tub"},
{"thumb": "http://i4.peapod.com/c/KK/KKNHZ.gif", "price": "899", "unit_price": "$2.25/ oz", "name": "Aurora Pignoli (Pine Nuts)", "cnid": "2666", "productId": "139682", "size": "4 oz tub"},
{"thumb": "http://i4.peapod.com/c/KK/KKNHZ.gif", "price": "299", "unit_price": "$.31/ oz", "name": "Aurora Sunflower Seeds Raw", "cnid": "2666", "productId": "164836", "size": "9.5 oz tub"},
{"thumb": "http://i4.peapod.com/c/KK/KKNHZ.gif", "price": "379", "unit_price": "$.87/ oz", "name": "Blue Diamond 100 Calories Pack Almonds Whole Natural - 7 ct", "cnid": "2666", "productId": "146268", "size": "4.38 oz box"},
{"thumb": "http://i4.peapod.com/c/KK/KKNHZ.gif", "price": "349", "unit_price": "$.58/ oz", "name": "Blue Diamond Almonds Bold Wasabi & Soy Sauce", "cnid": "2666", "productId": "152949", "size": "6 oz can"},
{"thumb": "http://i4.peapod.com/c/KK/KKNHZ.gif", "price": "369", "unit_price": "$.62/ oz", "name": "Blue Diamond Almonds Honey Roasted", "cnid": "2666", "productId": "145723", "size": "6 oz can"},
{"thumb": "http://i4.peapod.com/c/KK/KKNHZ.gif", "price": "369", "unit_price": "$.62/ oz", "name": "Blue Diamond Almonds Lightly Salted Low Sodium", "cnid": "2666", "productId": "160020", "size": "6 oz can"},
{"thumb": "http://i4.peapod.com/c/KK/KKNHZ.gif", "price": "459", "unit_price": "$.57/ oz", "name": "Blue Diamond Almonds Oven Roasted No Salt Natural", "cnid": "2666", "productId": "160018", "size": "8 oz can"},
{"thumb": "http://i4.peapod.com/c/KK/KKNHZ.gif", "price": "459", "unit_price": "$.57/ oz", "name": "Blue Diamond Almonds Oven Roasted Sea Salt Natural", "cnid": "2666", "productId": "160019", "size": "8 oz can"},
{"thumb": "http://i4.peapod.com/c/KK/KKNHZ.gif", "price": "855", "unit_price": "$.53/ oz", "name": "Blue Diamond Almonds Roasted Salted", "cnid": "2666", "productId": "145909", "size": "16 oz can"},
{"thumb": "http://i4.peapod.com/c/KK/KKNHZ.gif", "price": "369", "unit_price": "$.62/ oz", "name": "Blue Diamond Almonds Roasted Salted", "cnid": "2666", "productId": "30947", "size": "6 oz can"},
{"thumb": "http://i4.peapod.com/c/KK/KKNHZ.gif", "price": "369", "unit_price": "$.62/ oz", "name": "Blue Diamond Almonds Salt & Vinegar", "cnid": "2666", "productId": "155627", "size": "6 oz can"},
{"thumb": "http://i4.peapod.com/c/KK/KKNHZ.gif", "price": "369", "unit_price": "$.62/ oz", "name": "Blue Diamond Almonds Smokehouse", "cnid": "2666", "productId": "30948", "size": "6 oz can"},
{"thumb": "http://i4.peapod.com/c/KK/KKNHZ.gif", "price": "855", "unit_price": "$.53/ oz", "name": "Blue Diamond Almonds Smokehouse", "cnid": "2666", "productId": "162210", "size": "16 oz bag"},
{"thumb": "http://i4.peapod.com/c/KK/KKNHZ.gif", "price": "855", "unit_price": "$.53/ oz", "name": "Blue Diamond Almonds Whole Natural", "cnid": "2666", "productId": "152950", "size": "16 oz bag"},
{"thumb": "http://i4.peapod.com/c/KK/KKNHZ.gif", "price": "369", "unit_price": "$.62/ oz", "name": "Blue Diamond Almonds Whole Natural", "cnid": "2666", "productId": "151410", "size": "6 oz can"},
{"thumb": "http://i4.peapod.com/c/KK/KKNHZ.gif", "price": "349", "unit_price": "$.58/ oz", "name": "Diamond Almonds Sliced", "cnid": "2666", "productId": "119478", "size": "6 oz bag"},
{"thumb": "http://i4.peapod.com/c/KK/KKNHZ.gif", "price": "239", "unit_price": "$1.06/ oz", "name": "Diamond Almonds Sliced", "cnid": "2666", "productId": "135344", "size": "2.25 oz bag"},
{"thumb": "http://i4.peapod.com/c/KK/KKNHZ.gif", "price": "349", "unit_price": "$.58/ oz", "name": "Diamond Almonds Slivered", "cnid": "2666", "productId": "119479", "size": "6 oz bag"},
{"thumb": "http://i4.peapod.com/c/KK/KKNHZ.gif", "price": "629", "unit_price": "$1.05/ oz", "name": "Diamond Pecans Shelled", "cnid": "2666", "productId": "120863", "size": "6 oz bag"},
{"thumb": "http://i4.peapod.com/c/KK/KKNHZ.gif", "price": "399", "unit_price": "$1.00/ oz", "name": "Diamond Pecans Shelled", "cnid": "2666", "productId": "76258", "size": "4 oz can"},
{"thumb": "http://i4.peapod.com/c/KK/KKNHZ.gif", "price": "549", "unit_price": "$2.44/ oz", "name": "Diamond Pine Nuts", "cnid": "2666", "productId": "152951", "size": "2.25 oz bag"},
{"thumb": "http://i4.peapod.com/c/KK/KKNHZ.gif", "price": "549", "unit_price": "$.69/ oz", "name": "Diamond Walnuts Chopped", "cnid": "2666", "productId": "8046", "size": "8 oz bag"},
{"thumb": "http://i4.peapod.com/c/KK/KKNHZ.gif", "price": "769", "unit_price": "$.77/ oz", "name": "Diamond Walnuts Finely Diced", "cnid": "2666", "productId": "160897", "size": "10 oz bag"},
{"thumb": "http://i4.peapod.com/c/KK/KKNHZ.gif", "price": "769", "unit_price": "$.77/ oz", "name": "Diamond Walnuts Shelled", "cnid": "2666", "productId": "46025", "size": "10 oz bag"},
{"thumb": "http://i4.peapod.com/c/KK/KKNHZ.gif", "price": "799", "unit_price": "$.50/ oz", "name": "Diamond Walnuts Shelled", "cnid": "2666", "productId": "76255", "size": "16 oz can"},
{"thumb": "http://i4.peapod.com/c/KK/KKNHZ.gif", "price": "459", "unit_price": "$.76/ oz", "name": "Diamond Walnuts Shelled", "cnid": "2666", "productId": "69776", "size": "6 oz bag"},
{"thumb": "http://i4.peapod.com/c/KK/KKNHZ.gif", "price": "419", "unit_price": "$.95/ oz", "name": "Emerald 100 Calorie Packs Almonds Cocoa Roast Dark Chocolate - 7 ct", "cnid": "2666", "productId": "159814", "size": "4.41 oz box"},
{"thumb": "http://i4.peapod.com/c/KK/KKNHZ.gif", "price": "419", "unit_price": "$.95/ oz", "name": "Emerald 100 Calorie Packs Almonds Dry Roasted - 7 ct", "cnid": "2666", "productId": "160009", "size": "4.41 oz box"},
{"thumb": "http://i4.peapod.com/c/KK/KKNHZ.gif", "price": "419", "unit_price": "$.95/ oz", "name": "Emerald 100 Calorie Packs Almonds Natural - 7 ct", "cnid": "2666", "productId": "160008", "size": "4.41 oz box"},
{"thumb": "http://i4.peapod.com/c/KK/KKNHZ.gif", "price": "629", "unit_price": "$.57/ oz", "name": "Emerald Almonds Cinnamon Roast", "cnid": "2666", "productId": "162290", "size": "11 oz can"},
{"thumb": "http://i4.peapod.com/c/KK/KKNHZ.gif", "price": "629", "unit_price": "$.57/ oz", "name": "Emerald Almonds Dry Roasted", "cnid": "2666", "productId": "144972", "size": "11 oz can"},
{"thumb": "http://i4.peapod.com/c/KK/KKNHZ.gif", "price": "369", "unit_price": "$.49/ oz", "name": "Emerald Breakfast On The Go Trail Mix Berry Nut Blend - 5 ct", "cnid": "2666", "productId": "162286", "size": "7.5 oz box"},
{"thumb": "http://i4.peapod.com/c/KK/KKNHZ.gif", "price": "649", "unit_price": "$.65/ oz", "name": "Emerald Cashews Jumbo Whole", "cnid": "2666", "productId": "152955", "size": "10 oz can"},
{"thumb": "http://i4.peapod.com/c/KK/KKNHZ.gif", "price": "649", "unit_price": "$.65/ oz", "name": "Emerald Cashews Sea Salt & Pepper", "cnid": "2666", "productId": "160015", "size": "10 oz pkg"},
{"thumb": "http://i4.peapod.com/c/KK/KKNHZ.gif", "price": "649", "unit_price": "$.65/ oz", "name": "Emerald Nuts Mixed Deluxe", "cnid": "2666", "productId": "136028", "size": "10 oz can"},
{"thumb": "http://i4.peapod.com/c/KK/KKNHZ.gif", "price": "299", "unit_price": "$.60/ oz", "name": "Emerald Pecans Pecan Pie Flavored Glazed", "cnid": "2666", "productId": "134069", "size": "5 oz bag"},
{"thumb": "http://i4.peapod.com/c/KK/KKNHZ.gif", "price": "299", "unit_price": "$.37/ oz", "name": "Emerald Walnuts Glazed", "cnid": "2666", "productId": "130840", "size": "8 oz bag"},
{"thumb": "http://i4.peapod.com/c/KK/KKNHZ.gif", "price": "1099", "unit_price": "$2.75/ oz", "name": "Great Lakes Pignoli Pine Nuts", "cnid": "2666", "productId": "123949", "size": "4 oz bag"},
{"thumb": "http://i4.peapod.com/c/KK/KKNHZ.gif", "price": "379", "unit_price": "$.16/ oz", "name": "Hampton Farms Peanuts Premier Roasted No Salt Added", "cnid": "2666", "productId": "124200", "size": "24 oz bag"},
{"thumb": "http://i4.peapod.com/c/KK/KKNHZ.gif", "price": "199", "unit_price": "$.20/ oz", "name": "Hampton Farms Peanuts Roasted No Salt", "cnid": "2666", "productId": "159562", "size": "10 oz bag"},
{"thumb": "http://i4.peapod.com/c/KK/KKNHZ.gif", "price": "369", "unit_price": "$.31/ oz", "name": "Hodgson Mill Flax Seed Milled", "cnid": "2666", "productId": "146263", "size": "12 oz box"},
{"thumb": "http://i4.peapod.com/c/KK/KKNHZ.gif", "price": "599", "unit_price": "$.50/ oz", "name": "Mariani Almonds Sliced Resealable", "cnid": "2666", "productId": "55538", "size": "12 oz bag"},
{"thumb": "http://i4.peapod.com/c/KK/KKNHZ.gif", "price": "599", "unit_price": "$.50/ oz", "name": "Mariani Premium Almonds Blanched Slivered All Natural", "cnid": "2666", "productId": "184165", "size": "12 oz bag"},
{"thumb": "http://i4.peapod.com/c/KK/KKNHZ.gif", "price": "300", "unit_price": "$.25/ oz", "name": "Nature's Promise Naturals Granola Fruit & Nut", "cnid": "2666", "productId": "164065", "size": "12 oz pkg"},
{"thumb": "http://i4.peapod.com/c/KK/KKNHZ.gif", "price": "300", "unit_price": "$.25/ oz", "name": "Nature's Promise Naturals Granola Maple Cashew", "cnid": "2666", "productId": "163175", "size": "12 oz pkg"},
{"thumb": "http://i4.peapod.com/c/KK/KKNHZ.gif", "price": "699", "unit_price": "$.74/ oz", "name": "Nature's Promise Organics Almonds Raw Unsalted", "cnid": "2666", "productId": "149308", "size": "9.5 oz tub"},
{"thumb": "http://i4.peapod.com/c/KK/KKNHZ.gif", "price": "699", "unit_price": "$.78/ oz", "name": "Nature's Promise Organics Almonds Roasted Salted", "cnid": "2666", "productId": "149312", "size": "9 oz tub"},
{"thumb": "http://i4.peapod.com/c/KK/KKNHZ.gif", "price": "699", "unit_price": "$.78/ oz", "name": "Nature's Promise Organics Almonds Roasted Unsalted", "cnid": "2666", "productId": "149311", "size": "9 oz tub"},
{"thumb": "http://i4.peapod.com/c/KK/KKNHZ.gif", "price": "799", "unit_price": "$.89/ oz", "name": "Nature's Promise Organics Cashews Roasted Salted", "cnid": "2666", "productId": "149310", "size": "9 oz tub"},
{"thumb": "http://i4.peapod.com/c/KK/KKNHZ.gif", "price": "799", "unit_price": "$.89/ oz", "name": "Nature's Promise Organics Cashews Roasted Unsalted", "cnid": "2666", "productId": "149309", "size": "9 oz tub"},
{"thumb": "http://i4.peapod.com/c/KK/KKNHZ.gif", "price": "549", "unit_price": "$.61/ oz", "name": "Nature's Promise Organics Mix Cranberry & Walnut", "cnid": "2666", "productId": "149307", "size": "9 oz tub"},
{"thumb": "http://i4.peapod.com/c/KK/KKNHZ.gif", "price": "549", "unit_price": "$5.49/ ea", "name": "Nature's Promise Organics Walnuts", "cnid": "2666", "productId": "140160", "size": "7 oz tub"},
{"thumb": "http://i4.peapod.com/c/KK/KKNHZ.gif", "price": "749", "unit_price": "$.47/ oz", "name": "Pistachios in Shell Dry Roasted with Sea Salt Natural", "cnid": "2666", "productId": "123746", "size": "16 oz bag"},
{"thumb": "http://i4.peapod.com/c/KK/KKNHZ.gif", "price": "799", "unit_price": "$.57/ oz", "name": "Planters Cashews Halves & Pieces", "cnid": "2666", "productId": "103609", "size": "14 oz can"},
{"thumb": "http://i4.peapod.com/c/KK/KKNHZ.gif", "price": "499", "unit_price": "$.62/ oz", "name": "Planters Cashews Halves & Pieces", "cnid": "2666", "productId": "2772", "size": "8 oz can"},
{"thumb": "http://i4.peapod.com/c/KK/KKNHZ.gif", "price": "719", "unit_price": "$.87/ oz", "name": "Planters Cashews Honey Roasted Whole", "cnid": "2666", "productId": "145520", "size": "8.25 oz can"},
{"thumb": "http://i4.peapod.com/c/KK/KKNHZ.gif", "price": "499", "unit_price": "$.62/ oz", "name": "Planters Cashews Lightly Salted Halves & Pieces", "cnid": "2666", "productId": "145838", "size": "8 oz can"},
{"thumb": "http://i4.peapod.com/c/KK/KKNHZ.gif", "price": "719", "unit_price": "$.85/ oz", "name": "Planters Cashews Whole Lightly Salted Deluxe", "cnid": "2666", "productId": "30949", "size": "8.5 oz can"},
{"thumb": "http://i4.peapod.com/c/KK/KKNHZ.gif", "price": "719", "unit_price": "$.85/ oz", "name": "Planters Deluxe Cashews Whole", "cnid": "2666", "productId": "2773", "size": "8.5 oz can"},
{"thumb": "http://i4.peapod.com/c/KK/KKNHZ.gif", "price": "699", "unit_price": "$.72/ oz", "name": "Planters NUT-rition Wholesome Nut Mix", "cnid": "2666", "productId": "14467", "size": "9.75 oz can"},
{"thumb": "http://i4.peapod.com/c/KK/KKNHZ.gif", "price": "499", "unit_price": "$.48/ oz", "name": "Planters Nuts Mixed", "cnid": "2666", "productId": "30954", "size": "10.3 oz can"},
{"thumb": "http://i4.peapod.com/c/KK/KKNHZ.gif", "price": "779", "unit_price": "$.52/ oz", "name": "Planters Nuts Mixed", "cnid": "2666", "productId": "151431", "size": "15 oz can"},
{"thumb": "http://i4.peapod.com/c/KK/KKNHZ.gif", "price": "719", "unit_price": "$.82/ oz", "name": "Planters Nuts Mixed Deluxe", "cnid": "2666", "productId": "30950", "size": "8.75 oz can"},
{"thumb": "http://i4.peapod.com/c/KK/KKNHZ.gif", "price": "499", "unit_price": "$.48/ oz", "name": "Planters Nuts Mixed Unsalted", "cnid": "2666", "productId": "30955", "size": "10.3 oz can"},
{"thumb": "http://i4.peapod.com/c/KK/KKNHZ.gif", "price": "379", "unit_price": "$.24/ oz", "name": "Planters Peanuts Cocktail", "cnid": "2666", "productId": "2765", "size": "16 oz can"},
{"thumb": "http://i4.peapod.com/c/KK/KKNHZ.gif", "price": "379", "unit_price": "$.24/ oz", "name": "Planters Peanuts Cocktail Lightly Salted", "cnid": "2666", "productId": "160017", "size": "16 oz can"},
{"thumb": "http://i4.peapod.com/c/KK/KKNHZ.gif", "price": "379", "unit_price": "$.24/ oz", "name": "Planters Peanuts Dry Roasted", "cnid": "2666", "productId": "2767", "size": "16 oz jar"},
{"thumb": "http://i4.peapod.com/c/KK/KKNHZ.gif", "price": "379", "unit_price": "$.24/ oz", "name": "Planters Peanuts Dry Roasted Lightly Salted", "cnid": "2666", "productId": "2774", "size": "16 oz jar"},
{"thumb": "http://i4.peapod.com/c/KK/KKNHZ.gif", "price": "379", "unit_price": "$.24/ oz", "name": "Planters Peanuts Dry Roasted Unsalted", "cnid": "2666", "productId": "2766", "size": "16 oz jar"},
{"thumb": "http://i4.peapod.com/c/KK/KKNHZ.gif", "price": "285", "unit_price": "$.47/ oz", "name": "Planters Trail Mix Nuts & Chocolate", "cnid": "2666", "productId": "106167", "size": "6 oz bag"},
{"thumb": "http://i4.peapod.com/c/KK/KKNHZ.gif", "price": "459", "unit_price": "$.51/ oz", "name": "Stop & Shop Almonds Roasted Salted", "cnid": "2666", "productId": "160021", "size": "9 oz can"},
{"thumb": "http://i4.peapod.com/c/KK/KKNHZ.gif", "price": "459", "unit_price": "$.51/ oz", "name": "Stop & Shop Almonds Roasted Unsalted", "cnid": "2666", "productId": "160022", "size": "9 oz can"},
{"thumb": "http://i4.peapod.com/c/KK/KKNHZ.gif", "price": "619", "unit_price": "$.73/ oz", "name": "Stop & Shop Cashews Whole with Sea Salt", "cnid": "2666", "productId": "125246", "size": "8.5 oz can"},
{"thumb": "http://i4.peapod.com/c/KK/KKNHZ.gif", "price": "699", "unit_price": "$.33/ oz", "name": "Stop & Shop Cranberry Health Mix", "cnid": "2666", "productId": "192198", "size": "21 oz tub"},
{"thumb": "http://i4.peapod.com/c/KK/KKNHZ.gif", "price": "699", "unit_price": "$1.08/ oz", "name": "Stop & Shop Macadamias Dry Roasted with Sea Salt", "cnid": "2666", "productId": "160016", "size": "6.5 oz jar"},
{"thumb": "http://i4.peapod.com/c/KK/KKNHZ.gif", "price": "329", "unit_price": "$.21/ oz", "name": "Stop & Shop Peanuts Dry Roasted Lightly Salted", "cnid": "2666", "productId": "191052", "size": "16 oz jar"},
{"thumb": "http://i4.peapod.com/c/KK/KKNHZ.gif", "price": "488", "unit_price": "$.10/ oz", "name": "Stop & Shop Peanuts in Shell Roasted Unsalted", "cnid": "2666", "productId": "89241", "size": "48 oz bag"},
{"thumb": "http://i4.peapod.com/c/KK/KKNHZ.gif", "price": "329", "unit_price": "$.21/ oz", "name": "Stop & Shop Peanuts Lightly Salted", "cnid": "2666", "productId": "57835", "size": "16 oz can"},
{"thumb": "http://i4.peapod.com/c/KK/KKNHZ.gif", "price": "799", "unit_price": "$7.99/ ea", "name": "Walnuts Shelled Bag Bulk", "cnid": "2666", "productId": "124300", "size": "12 oz bag"},
{"thumb": "http://i4.peapod.com/c/KK/KKNHZ.gif", "price": "299", "unit_price": "$.43/ oz", "name": "Wonderful Almonds Roasted No Salt", "cnid": "2666", "productId": "164838", "size": "7 oz bag"},
{"thumb": "http://i4.peapod.com/c/KK/KKNHZ.gif", "price": "1499", "unit_price": "$.47/ oz", "name": "Wonderful Pistachios Roasted & Salted", "cnid": "2666", "productId": "159570", "size": "32 oz pkg"},
{"thumb": "http://i4.peapod.com/c/KK/KKNHZ.gif", "price": "499", "unit_price": "$.71/ oz", "name": "Wonderful Pistachios Salt & Pepper", "cnid": "2666", "productId": "192200", "size": "7 oz bag"},
{"thumb": "http://i4.peapod.com/c/KK/KKNHZ.gif", "price": "1099", "unit_price": "$.92/ oz", "name": "Wonderful Pistachios Shelled Roasted & Salted", "cnid": "2666", "productId": "157218", "size": "12 oz bag"},
{"thumb": "http://i4.peapod.com/c/KK/KKNHZ.gif", "price": "649", "unit_price": "$32.45/ lb", "name": "Jack Link's Premium Cuts Beef Jerky Original", "cnid": "2665", "productId": "157396", "size": "3.25 oz bag"},
{"thumb": "http://i4.peapod.com/c/KK/KKNHZ.gif", "price": "599", "unit_price": "$29.95/ lb", "name": "Jack Link's Premium Cuts Beef Jerky Teriyaki", "cnid": "2665", "productId": "157397", "size": "3.25 oz bag"},
{"thumb": "http://i4.peapod.com/c/KK/KKNHZ.gif", "price": "319", "unit_price": "$3.19/ ea", "name": "Betty Crocker Cake Decorations Alphabet Candy (Colors May Vary)", "cnid": "2649", "productId": "182165", "size": "1 oz pkg"},
{"thumb": "http://i4.peapod.com/c/KK/KKNHZ.gif", "price": "219", "unit_price": "$1.10/ oz", "name": "Betty Crocker Decorating Decors Nonpareils", "cnid": "2649", "productId": "8354", "size": "2 oz btl"},
{"thumb": "http://i4.peapod.com/c/KK/KKNHZ.gif", "price": "399", "unit_price": "$.38/ oz", "name": "Betty Crocker Sweet Topping Carousel Mix", "cnid": "2649", "productId": "101622", "size": "10.5 oz tub"},
{"thumb": "http://i4.peapod.com/c/KK/KKNHZ.gif", "price": "250", "unit_price": "$.25/ oz", "name": "Duncan Hines Amazing Glazes Dessert Topping Chocolate", "cnid": "2649", "productId": "159962", "size": "10 oz btl"},
{"thumb": "http://i4.peapod.com/c/KK/KKNHZ.gif", "price": "275", "unit_price": "$.38/ oz", "name": "Hershey's Shell Ice Cream Topping Chocolate", "cnid": "2649", "productId": "50201", "size": "7.25 oz sqz"},
{"thumb": "http://i4.peapod.com/c/KK/KKNHZ.gif", "price": "329", "unit_price": "$.82/ oz", "name": "Keebler Sugar Cones - 12 ct", "cnid": "2649", "productId": "2951", "size": "4 oz box"},
{"thumb": "http://i4.peapod.com/c/KK/KKNHZ.gif", "price": "229", "unit_price": "$.14/ oz", "name": "Marshmallow Fluff", "cnid": "2649", "productId": "70494", "size": "16 oz tub"},
{"thumb": "http://i4.peapod.com/c/KK/KKNHZ.gif", "price": "325", "unit_price": "$.20/ oz", "name": "Mrs. Richardson's Dessert Topping Hot Fudge", "cnid": "2649", "productId": "11468", "size": "16 oz jar"},
{"thumb": "http://i4.peapod.com/c/KK/KKNHZ.gif", "price": "279", "unit_price": "$.38/ oz", "name": "Smucker's Magic Shell Topping Chocolate", "cnid": "2649", "productId": "39341", "size": "7.25 oz btl"},
{"thumb": "http://i4.peapod.com/c/KK/KKNHZ.gif", "price": "325", "unit_price": "$.16/ oz", "name": "Smucker's Sundae Syrup Butterscotch Fat Free", "cnid": "2649", "productId": "151059", "size": "20 oz sqz"},
{"thumb": "http://i4.peapod.com/c/KK/KKNHZ.gif", "price": "325", "unit_price": "$.16/ oz", "name": "Smucker's Sundae Syrup Caramel Fat Free", "cnid": "2649", "productId": "26090", "size": "20 oz sqz"},
{"thumb": "http://i4.peapod.com/c/KK/KKNHZ.gif", "price": "325", "unit_price": "$.16/ oz", "name": "Smucker's Sundae Syrup Chocolate Fat Free", "cnid": "2649", "productId": "26088", "size": "20 oz sqz"},
{"thumb": "http://i4.peapod.com/c/KK/KKNHZ.gif", "price": "299", "unit_price": "$.25/ oz", "name": "Smucker's Topping Hot Fudge", "cnid": "2649", "productId": "7318", "size": "11.7 oz jar"},
{"thumb": "http://i4.peapod.com/c/KK/KKNHZ.gif", "price": "299", "unit_price": "$.24/ oz", "name": "Smucker's Topping Marshmallow Fat Free", "cnid": "2649", "productId": "13845", "size": "12.2 oz jar"},
{"thumb": "http://i4.peapod.com/c/KK/KKNHZ.gif", "price": "325", "unit_price": "$.18/ oz", "name": "Smucker's Topping Special Recipe Hot Fudge", "cnid": "2649", "productId": "7342", "size": "17.7 oz jar"},
{"thumb": "http://i4.peapod.com/c/KK/KKNHZ.gif", "price": "189", "unit_price": "$.69/ oz", "name": "Stop & Shop Ice Cream Cups Jumbo - 12 ct", "cnid": "2649", "productId": "190751", "size": "2.75 oz box"},
{"thumb": "http://i4.peapod.com/c/KK/KKNHZ.gif", "price": "299", "unit_price": "$.27/ oz", "name": "Stop & Shop Sprinkles Chocolate", "cnid": "2649", "productId": "124579", "size": "11 oz btl"},
{"thumb": "http://i4.peapod.com/c/KK/KKNHZ.gif", "price": "299", "unit_price": "$.27/ oz", "name": "Stop & Shop Sprinkles Rainbow", "cnid": "2649", "productId": "124580", "size": "11 oz btl"},
{"thumb": "http://i4.peapod.com/c/KK/KKNHZ.gif", "price": "499", "unit_price": "$4.99/ ea", "name": "Apricots Dried Great Lakes", "cnid": "2636", "productId": "123665", "size": "16 oz tub"},
{"thumb": "http://i4.peapod.com/c/KK/KKNHZ.gif", "price": "349", "unit_price": "$.37/ oz", "name": "Arcade Raisins Yogurt Covered", "cnid": "2636", "productId": "159114", "size": "9.5 oz tub"},
{"thumb": "http://i4.peapod.com/c/KK/KKNHZ.gif", "price": "499", "unit_price": "$1.11/ oz", "name": "Aurora Apples Dried Rings All Natural", "cnid": "2636", "productId": "139669", "size": "4.5 oz tub"},
{"thumb": "http://i4.peapod.com/c/KK/KKNHZ.gif", "price": "899", "unit_price": "$1.38/ oz", "name": "Aurora Blueberries Dried All Natural", "cnid": "2636", "productId": "135582", "size": "6.5 oz tub"},
{"thumb": "http://i4.peapod.com/c/KK/KKNHZ.gif", "price": "699", "unit_price": "$.87/ oz", "name": "Aurora Cherries Dried All Natural", "cnid": "2636", "productId": "136409", "size": "8 oz tub"},
{"thumb": "http://i4.peapod.com/c/KK/KKNHZ.gif", "price": "449", "unit_price": "$.47/ oz", "name": "Aurora Cranberries Dried All Natural", "cnid": "2636", "productId": "135584", "size": "9.5 oz tub"},
{"thumb": "http://i4.peapod.com/c/KK/KKNHZ.gif", "price": "599", "unit_price": "$.33/ oz", "name": "Aurora Cranberries Dried All Natural", "cnid": "2636", "productId": "159069", "size": "18 oz tub"},
{"thumb": "http://i4.peapod.com/c/KK/KKNHZ.gif", "price": "319", "unit_price": "$.40/ oz", "name": "Betty Crocker Fruit Flavored Snacks SpongeBob SquarePants - 10 ct", "cnid": "2636", "productId": "156249", "size": "8 oz box"},
{"thumb": "http://i4.peapod.com/c/KK/KKNHZ.gif", "price": "319", "unit_price": "$.59/ oz", "name": "Betty Crocker Fruit Gushers Fruit Snacks Tropical Flavors - 6 ct", "cnid": "2636", "productId": "112315", "size": "5.4 oz box"},
{"thumb": "http://i4.peapod.com/c/KK/KKNHZ.gif", "price": "319", "unit_price": "$.59/ oz", "name": "Betty Crocker Fruit Gushers Fruit Snacks Variety Pack - 6 ct", "cnid": "2636", "productId": "133459", "size": "5.4 oz box"},
{"thumb": "http://i4.peapod.com/c/KK/KKNHZ.gif", "price": "319", "unit_price": "$.64/ oz", "name": "Betty Crocker Fruit Roll-Ups Variety Pack - 10 ct", "cnid": "2636", "productId": "137215", "size": "5 oz box"},
{"thumb": "http://i4.peapod.com/c/KK/KKNHZ.gif", "price": "319", "unit_price": "$.40/ oz", "name": "Betty Crocker Scooby-Doo Fruit Snacks Assorted Fruit Flavors - 10 ct", "cnid": "2636", "productId": "101777", "size": "8 oz box"},
{"thumb": "http://i4.peapod.com/c/KK/KKNHZ.gif", "price": "319", "unit_price": "$.40/ oz", "name": "Betty Crocker Spiderman Fruit Snacks Assorted Fruit Flavors - 10 ct", "cnid": "2636", "productId": "30341", "size": "8 oz box"},
{"thumb": "http://i4.peapod.com/c/KK/KKNHZ.gif", "price": "449", "unit_price": "$.42/ oz", "name": "Betty Crocker Variety Pack (Fruit Roll-Ups, Gushers & By the Foot) - 16 ct", "cnid": "2636", "productId": "157134", "size": "10.6 oz box"},
{"thumb": "http://i4.peapod.com/c/KK/KKNHZ.gif", "price": "359", "unit_price": "$.30/ oz", "name": "Dole Raisins Seedless", "cnid": "2636", "productId": "9199", "size": "12 oz bag"},
{"thumb": "http://i4.peapod.com/c/KK/KKNHZ.gif", "price": "599", "unit_price": "$.33/ oz", "name": "Dole Raisins Seedless", "cnid": "2636", "productId": "76426", "size": "18 oz can"},
{"thumb": "http://i4.peapod.com/c/KK/KKNHZ.gif", "price": "369", "unit_price": "$.41/ oz", "name": "Dole Raisins Seedless - 6 ct", "cnid": "2636", "productId": "9201", "size": "9 oz pkg"},
{"thumb": "http://i4.peapod.com/c/KK/KKNHZ.gif", "price": "250", "unit_price": "$.42/ oz", "name": "Mariani Premium Cranberries Sweetened Dried", "cnid": "2636", "productId": "163911", "size": "5 oz pkg"},
{"thumb": "http://i4.peapod.com/c/KK/KKNHZ.gif", "price": "299", "unit_price": "$.30/ oz", "name": "Mariani Premium Dates Pitted", "cnid": "2636", "productId": "163912", "size": "10 oz tub"},
{"thumb": "http://i4.peapod.com/c/KK/KKNHZ.gif", "price": "349", "unit_price": "$.87/ oz", "name": "Mariani Premium Mango Dried", "cnid": "2636", "productId": "159088", "size": "4 oz pkg"},
{"thumb": "http://i4.peapod.com/c/KK/KKNHZ.gif", "price": "349", "unit_price": "$.58/ oz", "name": "Mariani Premium Tropical Medley Dried", "cnid": "2636", "productId": "159084", "size": "6 oz pkg"},
{"thumb": "http://i4.peapod.com/c/KK/KKNHZ.gif", "price": "349", "unit_price": "$.58/ oz", "name": "Mariani Premium Tropical Pineapple Dried", "cnid": "2636", "productId": "159085", "size": "6 oz pkg"},
{"thumb": "http://i4.peapod.com/c/KK/KKNHZ.gif", "price": "349", "unit_price": "$.58/ oz", "name": "Mariani Premium Ultimate Apricots Dried", "cnid": "2636", "productId": "159087", "size": "6 oz bag"},
{"thumb": "http://i4.peapod.com/c/KK/KKNHZ.gif", "price": "449", "unit_price": "$.50/ oz", "name": "Nature's Promise Organics Cranberries Dried", "cnid": "2636", "productId": "143846", "size": "9 oz tub"},
{"thumb": "http://i4.peapod.com/c/KK/KKNHZ.gif", "price": "549", "unit_price": "$.58/ oz", "name": "Nature's Promise Organics Cranberry Mix", "cnid": "2636", "productId": "143843", "size": "9.5 oz tub"},
{"thumb": "http://i4.peapod.com/c/KK/KKNHZ.gif", "price": "449", "unit_price": "$.37/ oz", "name": "Nature's Promise Organics Raisins California 100% Natural", "cnid": "2636", "productId": "150555", "size": "12 oz can"},
{"thumb": "http://i4.peapod.com/c/KK/KKNHZ.gif", "price": "299", "unit_price": "$.50/ oz", "name": "Nature's Promise Organics Raisins California - 6 ct", "cnid": "2636", "productId": "156431", "size": "6 oz pkg"},
{"thumb": "http://i4.peapod.com/c/KK/KKNHZ.gif", "price": "429", "unit_price": "$.39/ oz", "name": "Nestle Raisinets Milk Chocolate Covered Raisins", "cnid": "2636", "productId": "132194", "size": "11 oz bag"},
{"thumb": "http://i4.peapod.com/c/KK/KKNHZ.gif", "price": "499", "unit_price": "$.50/ oz", "name": "Ocean Spray Craisins Dried Cranberries Original Sweetened", "cnid": "2636", "productId": "145167", "size": "10 oz bag"},
{"thumb": "http://i4.peapod.com/c/KK/KKNHZ.gif", "price": "200", "unit_price": "$.40/ oz", "name": "Ocean Spray Craisins Dried Cranberries Original Sweetened", "cnid": "2636", "productId": "44432", "size": "5 oz bag"},
{"thumb": "http://i4.peapod.com/c/KK/KKNHZ.gif", "price": "269", "unit_price": "$.45/ oz", "name": "Ocean Spray Craisins Snack Packs Dried Cranberries Original - 6 ct", "cnid": "2636", "productId": "149117", "size": "6 oz bag"},
{"thumb": "http://i4.peapod.com/c/KK/KKNHZ.gif", "price": "219", "unit_price": "$.88/ oz", "name": "Seneca Crispy Apple Chips Caramel", "cnid": "2636", "productId": "115536", "size": "2.5 oz bag"},
{"thumb": "http://i4.peapod.com/c/KK/KKNHZ.gif", "price": "250", "unit_price": "$.52/ oz", "name": "Stop & Shop Fruit Flavored Snacks Variety Pack - 6 ct", "cnid": "2636", "productId": "62059", "size": "4.8 oz box"},
{"thumb": "http://i4.peapod.com/c/KK/KKNHZ.gif", "price": "250", "unit_price": "$.52/ oz", "name": "Stop & Shop Fruit Snacks Sharks Assorted Fruit Flavors - 6 ct", "cnid": "2636", "productId": "126031", "size": "4.8 oz box"},
{"thumb": "http://i4.peapod.com/c/KK/KKNHZ.gif", "price": "399", "unit_price": "$.22/ oz", "name": "Stop & Shop Prunes California Pitted", "cnid": "2636", "productId": "57739", "size": "18 oz can"},
{"thumb": "http://i4.peapod.com/c/KK/KKNHZ.gif", "price": "449", "unit_price": "$.22/ oz", "name": "Stop & Shop Raisins California 100% Natural", "cnid": "2636", "productId": "57736", "size": "20 oz can"},
{"thumb": "http://i4.peapod.com/c/KK/KKNHZ.gif", "price": "299", "unit_price": "$.25/ oz", "name": "Stop & Shop Raisins California 100% Natural", "cnid": "2636", "productId": "57735", "size": "12 oz can"},
{"thumb": "http://i4.peapod.com/c/KK/KKNHZ.gif", "price": "199", "unit_price": "$.33/ oz", "name": "Stop & Shop Raisins California 100% Natural - 6 ct", "cnid": "2636", "productId": "57737", "size": "6 oz pkg"},
{"thumb": "http://i4.peapod.com/c/KK/KKNHZ.gif", "price": "449", "unit_price": "$.75/ oz", "name": "Sun-Maid Apricots Halves Dried", "cnid": "2636", "productId": "4263", "size": "6 oz bag"},
{"thumb": "http://i4.peapod.com/c/KK/KKNHZ.gif", "price": "399", "unit_price": "$.67/ oz", "name": "Sun-Maid Cranberries Cape Cod Dried - 6 ct", "cnid": "2636", "productId": "156433", "size": "6 oz pkg"},
{"thumb": "http://i4.peapod.com/c/KK/KKNHZ.gif", "price": "349", "unit_price": "$.58/ oz", "name": "Sun-Maid Cranberries Dried Vanilla Yogurt Covered", "cnid": "2636", "productId": "156434", "size": "6 oz bag"},
{"thumb": "http://i4.peapod.com/c/KK/KKNHZ.gif", "price": "349", "unit_price": "$.35/ oz", "name": "Sun-Maid Currants Zante", "cnid": "2636", "productId": "4259", "size": "10 oz box"},
{"thumb": "http://i4.peapod.com/c/KK/KKNHZ.gif", "price": "299", "unit_price": "$.43/ oz", "name": "Sun-Maid Fruit Bits Dried", "cnid": "2636", "productId": "4261", "size": "7 oz bag"},
{"thumb": "http://i4.peapod.com/c/KK/KKNHZ.gif", "price": "349", "unit_price": "$.50/ oz", "name": "Sun-Maid Fruit Dried Mixed", "cnid": "2636", "productId": "30277", "size": "7 oz bag"},
{"thumb": "http://i4.peapod.com/c/KK/KKNHZ.gif", "price": "449", "unit_price": "$.28/ oz", "name": "Sun-Maid Plums California Pitted Dried", "cnid": "2636", "productId": "163915", "size": "16 oz can"},
{"thumb": "http://i4.peapod.com/c/KK/KKNHZ.gif", "price": "299", "unit_price": "$.50/ oz", "name": "Sun-Maid Raisins - 6 ct", "cnid": "2636", "productId": "4254", "size": "6 oz pkg"},
{"thumb": "http://i4.peapod.com/c/KK/KKNHZ.gif", "price": "250", "unit_price": "$.25/ oz", "name": "Sun-Maid Raisins California", "cnid": "2636", "productId": "96302", "size": "10 oz pkg"},
{"thumb": "http://i4.peapod.com/c/KK/KKNHZ.gif", "price": "349", "unit_price": "$.50/ oz", "name": "Sun-Maid Raisins Dark Chocolate Yogurt Covered", "cnid": "2636", "productId": "133068", "size": "7 oz bag"},
{"thumb": "http://i4.peapod.com/c/KK/KKNHZ.gif", "price": "349", "unit_price": "$.23/ oz", "name": "Sun-Maid Raisins Golden", "cnid": "2636", "productId": "4260", "size": "15 oz box"},
{"thumb": "http://i4.peapod.com/c/KK/KKNHZ.gif", "price": "299", "unit_price": "$.50/ oz", "name": "Sun-Maid Raisins Golden - 6 pk", "cnid": "2636", "productId": "142946", "size": "6 oz pkg"},
{"thumb": "http://i4.peapod.com/c/KK/KKNHZ.gif", "price": "250", "unit_price": "$.42/ oz", "name": "Sun-Maid Raisins Mini Snack - 12 ct", "cnid": "2636", "productId": "4257", "size": "6 oz bag"},
{"thumb": "http://i4.peapod.com/c/KK/KKNHZ.gif", "price": "499", "unit_price": "$.25/ oz", "name": "Sun-Maid Raisins Seedless", "cnid": "2636", "productId": "4258", "size": "20 oz can"},
{"thumb": "http://i4.peapod.com/c/KK/KKNHZ.gif", "price": "349", "unit_price": "$.44/ oz", "name": "Sun-Maid Raisins Vanilla Yogurt Covered", "cnid": "2636", "productId": "133067", "size": "8 oz bag"},
{"thumb": "http://i4.peapod.com/c/KK/KKNHZ.gif", "price": "349", "unit_price": "$.58/ oz", "name": "Sun-Maid Raisins Vanilla Yogurt Covered - 6 ct", "cnid": "2636", "productId": "156432", "size": "6 oz pkg"},
{"thumb": "http://i4.peapod.com/c/KK/KKNHZ.gif", "price": "50", "unit_price": "$1.00/ oz", "name": "SunRype 100% Fruit & Veggie Strip Strawberry Banana All Natural", "cnid": "2636", "productId": "186228", "size": ".5 oz pkg"},
{"thumb": "http://i4.peapod.com/c/KK/KKNHZ.gif", "price": "50", "unit_price": "$1.00/ oz", "name": "SunRype 100% Fruit Strip Strawberry All Natural", "cnid": "2636", "productId": "186229", "size": ".5 oz pkg"},
{"thumb": "http://i4.peapod.com/c/KK/KKNHZ.gif", "price": "50", "unit_price": "$1.00/ oz", "name": "SunRype 100% Fruit Strip Wildberry All Natural", "cnid": "2636", "productId": "186230", "size": ".5 oz pkg"},
{"thumb": "http://i4.peapod.com/c/KK/KKNHZ.gif", "price": "100", "unit_price": "$.77/ oz", "name": "SunRype Fruit Source 100% Fruit Bar Strawberry All Natural", "cnid": "2636", "productId": "186226", "size": "1.3 oz bar"},
{"thumb": "http://i4.peapod.com/c/KK/KKNHZ.gif", "price": "50", "unit_price": "$.38/ oz", "name": "SunRype Fruit Source Fruit Bar Mango Strawberry All Natural", "cnid": "2636", "productId": "186227", "size": "1.3 oz bar"},
{"thumb": "http://i4.peapod.com/c/KK/KKNHZ.gif", "price": "399", "unit_price": "$.40/ oz", "name": "Sunsweet Dates Chopped", "cnid": "2636", "productId": "60258", "size": "10 oz can"},
{"thumb": "http://i4.peapod.com/c/KK/KKNHZ.gif", "price": "399", "unit_price": "$.57/ oz", "name": "Sunsweet Ones Prunes Individually Wrapped", "cnid": "2636", "productId": "145280", "size": "7 oz can"},
{"thumb": "http://i4.peapod.com/c/KK/KKNHZ.gif", "price": "349", "unit_price": "$.39/ oz", "name": "Sunsweet Plum Amazins Plums Dried Diced No Sugar Added", "cnid": "2636", "productId": "175169", "size": "9 oz ctn"},
{"thumb": "http://i4.peapod.com/c/KK/KKNHZ.gif", "price": "499", "unit_price": "$.83/ oz", "name": "Sunsweet Plum Sweets Dark Chocolate Covered", "cnid": "2636", "productId": "159072", "size": "6 oz pkg"},
{"thumb": "http://i4.peapod.com/c/KK/KKNHZ.gif", "price": "349", "unit_price": "$.50/ oz", "name": "Sunsweet Prunes (Dried Plums) Pitted Lemon Essence No Sugar Added", "cnid": "2636", "productId": "174811", "size": "7 oz bag"},
{"thumb": "http://i4.peapod.com/c/KK/KKNHZ.gif", "price": "599", "unit_price": "$.33/ oz", "name": "Sunsweet Prunes (Dried Plums) Pitted No Sugar Added", "cnid": "2636", "productId": "8043", "size": "18 oz can"},
{"thumb": "http://i4.peapod.com/c/KK/KKNHZ.gif", "price": "599", "unit_price": "$.33/ oz", "name": "Sunsweet Prunes (Dried Plums) Pitted Petite Bite Size No Sugar Added", "cnid": "2636", "productId": "74424", "size": "18 oz tub"},
{"thumb": "http://i4.peapod.com/c/KK/KKNHZ.gif", "price": "349", "unit_price": "$.14/ oz", "name": "Sunsweet Prunes with Pits Ready To Serve", "cnid": "2636", "productId": "99889", "size": "25 oz jar"},
{"thumb": "http://i4.peapod.com/c/KK/KKNHZ.gif", "price": "250", "unit_price": "$.28/ oz", "name": "Welch's Fruit Snacks Berries & Cherries - 10 ct", "cnid": "2636", "productId": "157135", "size": "9 oz box"},
{"thumb": "http://i4.peapod.com/c/KK/KKNHZ.gif", "price": "250", "unit_price": "$.28/ oz", "name": "Welch's Fruit Snacks Mixed Fruit - 10 ct", "cnid": "2636", "productId": "155508", "size": "9 oz box"},
{"thumb": "http://i4.peapod.com/c/KK/KKNHZ.gif", "price": "250", "unit_price": "$.28/ oz", "name": "Welch's Fruit Snacks Strawberry - 10 ct", "cnid": "2636", "productId": "155507", "size": "9 oz box"},
{"thumb": "http://i4.peapod.com/c/KK/KKNHZ.gif", "price": "599", "unit_price": "$19.32/ lb", "name": "Alouette Spreadable Cheese Creme de Brie Original", "cnid": "2616", "productId": "60871", "size": "5 oz pkg"},
{"thumb": "http://i4.peapod.com/c/KK/KKNHZ.gif", "price": "599", "unit_price": "$14.61/ lb", "name": "Alouette Spreadable Cheese Garlic & Herbs", "cnid": "2616", "productId": "15783", "size": "6.5 oz tub"},
{"thumb": "http://i4.peapod.com/c/KK/KKNHZ.gif", "price": "599", "unit_price": "$14.61/ lb", "name": "Alouette Spreadable Cheese Garlic & Herbs Light", "cnid": "2616", "productId": "51115", "size": "6.5 oz tub"},
{"thumb": "http://i4.peapod.com/c/KK/KKNHZ.gif", "price": "649", "unit_price": "$19.67/ lb", "name": "Boursin Gournay Cheese Garlic & Fine Herbs", "cnid": "2616", "productId": "23239", "size": "5.2 oz pkg"},
{"thumb": "http://i4.peapod.com/c/KK/KKNHZ.gif", "price": "649", "unit_price": "$6.49/ lb", "name": "Cajun Krab Dip", "cnid": "2616", "productId": "162456", "size": "apx 1 lb"},
{"thumb": "http://i4.peapod.com/c/KK/KKNHZ.gif", "price": "399", "unit_price": "$5.32/ lb", "name": "Cedar's Dip Spinach", "cnid": "2616", "productId": "186008", "size": "12 oz tub"},
{"thumb": "http://i4.peapod.com/c/KK/KKNHZ.gif", "price": "499", "unit_price": "$.31/ oz", "name": "Cedar's Hommus Artichoke Spinach", "cnid": "2616", "productId": "150513", "size": "16 oz tub"},
{"thumb": "http://i4.peapod.com/c/KK/KKNHZ.gif", "price": "349", "unit_price": "$.44/ oz", "name": "Cedar's Hommus Artichoke Spinach", "cnid": "2616", "productId": "150512", "size": "8 oz tub"},
{"thumb": "http://i4.peapod.com/c/KK/KKNHZ.gif", "price": "349", "unit_price": "$.44/ oz", "name": "Cedar's Hommus Garden Vegetable All Natural", "cnid": "2616", "productId": "83359", "size": "8 oz tub"},
{"thumb": "http://i4.peapod.com/c/KK/KKNHZ.gif", "price": "349", "unit_price": "$.44/ oz", "name": "Cedar's Hommus Garlic", "cnid": "2616", "productId": "83358", "size": "8 oz tub"},
{"thumb": "http://i4.peapod.com/c/KK/KKNHZ.gif", "price": "349", "unit_price": "$.44/ oz", "name": "Cedar's Hommus Original Classic All Natural", "cnid": "2616", "productId": "74494", "size": "8 oz tub"},
{"thumb": "http://i4.peapod.com/c/KK/KKNHZ.gif", "price": "499", "unit_price": "$.31/ oz", "name": "Cedar's Hommus Original Classic All Natural", "cnid": "2616", "productId": "74495", "size": "16 oz tub"},
{"thumb": "http://i4.peapod.com/c/KK/KKNHZ.gif", "price": "349", "unit_price": "$.44/ oz", "name": "Cedar's Hommus Roasted Red Pepper", "cnid": "2616", "productId": "67221", "size": "8 oz tub"},
{"thumb": "http://i4.peapod.com/c/KK/KKNHZ.gif", "price": "349", "unit_price": "$.44/ oz", "name": "Cedar's Hommus Zesty Lemon All Natural", "cnid": "2616", "productId": "129689", "size": "8 oz tub"},
{"thumb": "http://i4.peapod.com/c/KK/KKNHZ.gif", "price": "349", "unit_price": "$.44/ oz", "name": "Cedar's Naturally Delicious Hommus Artichoke Kalamata", "cnid": "2616", "productId": "158704", "size": "8 oz tub"},
{"thumb": "http://i4.peapod.com/c/KK/KKNHZ.gif", "price": "499", "unit_price": "$.31/ oz", "name": "Cedar's Naturally Delicious Hommus Roasted Red Pepper Party Size", "cnid": "2616", "productId": "108004", "size": "16 oz tub"},
{"thumb": "http://i4.peapod.com/c/KK/KKNHZ.gif", "price": "250", "unit_price": "$.16/ oz", "name": "Chi-Chi's Original Recipe Salsa Medium", "cnid": "2616", "productId": "162654", "size": "16 oz btl"},
{"thumb": "http://i4.peapod.com/c/KK/KKNHZ.gif", "price": "250", "unit_price": "$.16/ oz", "name": "Chi-Chi's Thick & Chunky Salsa Medium", "cnid": "2616", "productId": "14015", "size": "16 oz btl"},
{"thumb": "http://i4.peapod.com/c/KK/KKNHZ.gif", "price": "379", "unit_price": "$.16/ oz", "name": "Chi-Chi's Thick & Chunky Salsa Medium", "cnid": "2616", "productId": "15176", "size": "24 oz btl"},
{"thumb": "http://i4.peapod.com/c/KK/KKNHZ.gif", "price": "250", "unit_price": "$.16/ oz", "name": "Chi-Chi's Thick & Chunky Salsa Mild", "cnid": "2616", "productId": "3845", "size": "16 oz btl"},
{"thumb": "http://i4.peapod.com/c/KK/KKNHZ.gif", "price": "379", "unit_price": "$.16/ oz", "name": "Chi-Chi's Thick & Chunky Salsa Mild", "cnid": "2616", "productId": "15175", "size": "24 oz btl"},
{"thumb": "http://i4.peapod.com/c/KK/KKNHZ.gif", "price": "519", "unit_price": "$.32/ oz", "name": "Desert Pepper Salsa Corn Black Bean Red Pepper Medium", "cnid": "2616", "productId": "81955", "size": "16 oz jar"},
{"thumb": "http://i4.peapod.com/c/KK/KKNHZ.gif", "price": "349", "unit_price": "$.44/ oz", "name": "Fresh Cuts Pico de Gallo Fresh", "cnid": "2616", "productId": "164860", "size": "8 oz tub"},
{"thumb": "http://i4.peapod.com/c/KK/KKNHZ.gif", "price": "399", "unit_price": "$.25/ oz", "name": "Fresh Cuts Salsa Southwestern Style Medium Fresh", "cnid": "2616", "productId": "158383", "size": "16 oz tub"},
{"thumb": "http://i4.peapod.com/c/KK/KKNHZ.gif", "price": "299", "unit_price": "$.35/ oz", "name": "Frito-Lay Dip French Onion", "cnid": "2616", "productId": "2646", "size": "8.5 oz can"},
{"thumb": "http://i4.peapod.com/c/KK/KKNHZ.gif", "price": "379", "unit_price": "$.24/ oz", "name": "Green Mountain Gringo Salsa Hot", "cnid": "2616", "productId": "77035", "size": "16 oz jar"},
{"thumb": "http://i4.peapod.com/c/KK/KKNHZ.gif", "price": "379", "unit_price": "$.24/ oz", "name": "Green Mountain Gringo Salsa Medium Truly Natural", "cnid": "2616", "productId": "125551", "size": "16 oz jar"},
{"thumb": "http://i4.peapod.com/c/KK/KKNHZ.gif", "price": "379", "unit_price": "$.24/ oz", "name": "Green Mountain Gringo Salsa Mild", "cnid": "2616", "productId": "77036", "size": "16 oz jar"},
{"thumb": "http://i4.peapod.com/c/KK/KKNHZ.gif", "price": "379", "unit_price": "$.24/ oz", "name": "Green Mountain Gringo Salsa Roasted Garlic", "cnid": "2616", "productId": "132380", "size": "16 oz jar"},
{"thumb": "http://i4.peapod.com/c/KK/KKNHZ.gif", "price": "99", "unit_price": "$.66/ oz", "name": "Guacamole Mix", "cnid": "2616", "productId": "155501", "size": "1.5 oz pkg"},
{"thumb": "http://i4.peapod.com/c/KK/KKNHZ.gif", "price": "219", "unit_price": "$.18/ oz", "name": "Heluva Good! Dip Bacon & Horseradish", "cnid": "2616", "productId": "120074", "size": "12 oz tub"},
{"thumb": "http://i4.peapod.com/c/KK/KKNHZ.gif", "price": "219", "unit_price": "$.18/ oz", "name": "Heluva Good! Dip French Onion", "cnid": "2616", "productId": "82025", "size": "12 oz tub"},
{"thumb": "http://i4.peapod.com/c/KK/KKNHZ.gif", "price": "399", "unit_price": "$.17/ oz", "name": "Heluva Good! Dip French Onion", "cnid": "2616", "productId": "124878", "size": "24 oz tub"},
{"thumb": "http://i4.peapod.com/c/KK/KKNHZ.gif", "price": "179", "unit_price": "$1.79/ oz", "name": "Hidden Valley Dips Mix Ranch The Original - Makes 16 oz", "cnid": "2616", "productId": "8339", "size": "1 oz pkt"},
{"thumb": "http://i4.peapod.com/c/KK/KKNHZ.gif", "price": "319", "unit_price": "$.20/ oz", "name": "Imus Ranch Salsa Southwest Medium Natural", "cnid": "2616", "productId": "64949", "size": "16 oz jar"},
{"thumb": "http://i4.peapod.com/c/KK/KKNHZ.gif", "price": "319", "unit_price": "$.20/ oz", "name": "Imus Ranch Salsa Southwest Mild", "cnid": "2616", "productId": "88374", "size": "16 oz jar"},
{"thumb": "http://i4.peapod.com/c/KK/KKNHZ.gif", "price": "399", "unit_price": "$.50/ oz", "name": "Joseph's Baba Ghannouj Roasted", "cnid": "2616", "productId": "131172", "size": "8 oz tub"},
{"thumb": "http://i4.peapod.com/c/KK/KKNHZ.gif", "price": "499", "unit_price": "$.42/ oz", "name": "Joseph's Dip Tzatziki Cucumber Yogurt", "cnid": "2616", "productId": "144430", "size": "12 oz tub"},
{"thumb": "http://i4.peapod.com/c/KK/KKNHZ.gif", "price": "399", "unit_price": "$.50/ oz", "name": "Joseph's Hommus Garlic", "cnid": "2616", "productId": "186009", "size": "8 oz tub"},
{"thumb": "http://i4.peapod.com/c/KK/KKNHZ.gif", "price": "399", "unit_price": "$.50/ oz", "name": "Joseph's Hommus Garlic Chive", "cnid": "2616", "productId": "186010", "size": "8 oz tub"},
{"thumb": "http://i4.peapod.com/c/KK/KKNHZ.gif", "price": "499", "unit_price": "$.31/ oz", "name": "Joseph's Hommus Garlic Lovers", "cnid": "2616", "productId": "144397", "size": "16 oz tub"},
{"thumb": "http://i4.peapod.com/c/KK/KKNHZ.gif", "price": "399", "unit_price": "$.50/ oz", "name": "Joseph's Hommus Roasted Red Pepper", "cnid": "2616", "productId": "107998", "size": "8 oz tub"},
{"thumb": "http://i4.peapod.com/c/KK/KKNHZ.gif", "price": "499", "unit_price": "$.31/ oz", "name": "Joseph's Hommus Roasted Red Pepper", "cnid": "2616", "productId": "144398", "size": "16 oz tub"},
{"thumb": "http://i4.peapod.com/c/KK/KKNHZ.gif", "price": "399", "unit_price": "$.50/ oz", "name": "Joseph's Hommus Spinach Artichoke", "cnid": "2616", "productId": "154386", "size": "8 oz tub"},
{"thumb": "http://i4.peapod.com/c/KK/KKNHZ.gif", "price": "499", "unit_price": "$.31/ oz", "name": "Joseph's Hommus Tahini Original", "cnid": "2616", "productId": "107990", "size": "16 oz tub"},
{"thumb": "http://i4.peapod.com/c/KK/KKNHZ.gif", "price": "399", "unit_price": "$.50/ oz", "name": "Joseph's Hommus Tahini Original", "cnid": "2616", "productId": "131091", "size": "8 oz tub"},
{"thumb": "http://i4.peapod.com/c/KK/KKNHZ.gif", "price": "399", "unit_price": "$.50/ oz", "name": "Joseph's Hommus Vegetable", "cnid": "2616", "productId": "144399", "size": "8 oz tub"},
{"thumb": "http://i4.peapod.com/c/KK/KKNHZ.gif", "price": "449", "unit_price": "$7.13/ lb", "name": "Kaukauna Spreadable Cheese Cheddar Sharp Log", "cnid": "2616", "productId": "161168", "size": "10 oz pkg"},
{"thumb": "http://i4.peapod.com/c/KK/KKNHZ.gif", "price": "449", "unit_price": "$7.13/ lb", "name": "Kaukauna Spreadable Cheese Cheddar Sharp with Almonds Ball", "cnid": "2616", "productId": "161167", "size": "10 oz pkg"},
{"thumb": "http://i4.peapod.com/c/KK/KKNHZ.gif", "price": "449", "unit_price": "$7.13/ lb", "name": "Kaukauna Spreadable Cheese Port Wine Log", "cnid": "2616", "productId": "161170", "size": "10 oz pkg"},
{"thumb": "http://i4.peapod.com/c/KK/KKNHZ.gif", "price": "449", "unit_price": "$7.13/ lb", "name": "Kaukauna Spreadable Cheese Port Wine with Almonds Ball", "cnid": "2616", "productId": "161169", "size": "10 oz pkg"},
{"thumb": "http://i4.peapod.com/c/KK/KKNHZ.gif", "price": "459", "unit_price": "$4.88/ lb", "name": "Kraft Cheez Whiz Cheese Dip Original", "cnid": "2616", "productId": "1748", "size": "15 oz jar"},
{"thumb": "http://i4.peapod.com/c/KK/KKNHZ.gif", "price": "369", "unit_price": "$.25/ oz", "name": "Lay's Dip French Onion", "cnid": "2616", "productId": "155566", "size": "15 oz jar"},
{"thumb": "http://i4.peapod.com/c/KK/KKNHZ.gif", "price": "499", "unit_price": "$.36/ oz", "name": "Lotus Biscoff Spread", "cnid": "2616", "productId": "165049", "size": "14 oz jar"},
{"thumb": "http://i4.peapod.com/c/KK/KKNHZ.gif", "price": "399", "unit_price": "$.33/ oz", "name": "Marzetti Dip Caramel Old Fashioned - 6 pk", "cnid": "2616", "productId": "127299", "size": "12 oz pkg"},
{"thumb": "http://i4.peapod.com/c/KK/KKNHZ.gif", "price": "429", "unit_price": "$.32/ oz", "name": "Marzetti Fruit Dip Cream Cheese", "cnid": "2616", "productId": "92483", "size": "13.5 oz tub"},
{"thumb": "http://i4.peapod.com/c/KK/KKNHZ.gif", "price": "429", "unit_price": "$.28/ oz", "name": "Marzetti Veggie Dip Blue Cheese", "cnid": "2616", "productId": "28567", "size": "15.5 oz tub"},
{"thumb": "http://i4.peapod.com/c/KK/KKNHZ.gif", "price": "429", "unit_price": "$.28/ oz", "name": "Marzetti Veggie Dip Dill", "cnid": "2616", "productId": "16076", "size": "15.5 oz tub"},
{"thumb": "http://i4.peapod.com/c/KK/KKNHZ.gif", "price": "349", "unit_price": "$.22/ oz", "name": "Marzetti Veggie Dip Ranch", "cnid": "2616", "productId": "27045", "size": "15.5 oz tub"},
{"thumb": "http://i4.peapod.com/c/KK/KKNHZ.gif", "price": "429", "unit_price": "$.33/ oz", "name": "Marzetti Veggie Dip Ranch Fat Free", "cnid": "2616", "productId": "126850", "size": "13 oz tub"},
{"thumb": "http://i4.peapod.com/c/KK/KKNHZ.gif", "price": "429", "unit_price": "$.28/ oz", "name": "Marzetti Veggie Dip Ranch Light", "cnid": "2616", "productId": "43902", "size": "15.5 oz tub"},
{"thumb": "http://i4.peapod.com/c/KK/KKNHZ.gif", "price": "429", "unit_price": "$.48/ oz", "name": "Marzetti Veggie Dip Singles Ranch Light 100 Calorie Packs - 6 ct", "cnid": "2616", "productId": "159565", "size": "9 oz pkg"},
{"thumb": "http://i4.peapod.com/c/KK/KKNHZ.gif", "price": "399", "unit_price": "$.40/ oz", "name": "Nasoya Super Hummus Original All Natural", "cnid": "2616", "productId": "163924", "size": "10 oz tub"},
{"thumb": "http://i4.peapod.com/c/KK/KKNHZ.gif", "price": "399", "unit_price": "$.40/ oz", "name": "Nasoya Super Hummus Spinach Garlic All Natural", "cnid": "2616", "productId": "163923", "size": "10 oz tub"},
{"thumb": "http://i4.peapod.com/c/KK/KKNHZ.gif", "price": "250", "unit_price": "$.16/ oz", "name": "Nature's Promise Organics Salsa Chipotle", "cnid": "2616", "productId": "136077", "size": "16 oz jar"},
{"thumb": "http://i4.peapod.com/c/KK/KKNHZ.gif", "price": "549", "unit_price": "$.34/ oz", "name": "Nature's Promise Organics Salsa Fresh", "cnid": "2616", "productId": "186282", "size": "16 oz tun"},
{"thumb": "http://i4.peapod.com/c/KK/KKNHZ.gif", "price": "250", "unit_price": "$.16/ oz", "name": "Nature's Promise Organics Salsa Medium", "cnid": "2616", "productId": "136076", "size": "16 oz jar"},
{"thumb": "http://i4.peapod.com/c/KK/KKNHZ.gif", "price": "250", "unit_price": "$.16/ oz", "name": "Nature's Promise Organics Salsa Mild", "cnid": "2616", "productId": "136075", "size": "16 oz jar"},
{"thumb": "http://i4.peapod.com/c/KK/KKNHZ.gif", "price": "299", "unit_price": "$.19/ oz", "name": "Newman's Own Salsa Black Bean & Corn Chunky Medium", "cnid": "2616", "productId": "149098", "size": "16 oz jar"},
{"thumb": "http://i4.peapod.com/c/KK/KKNHZ.gif", "price": "299", "unit_price": "$.19/ oz", "name": "Newman's Own Salsa Chunky Hot All Natural", "cnid": "2616", "productId": "128866", "size": "16 oz jar"},
{"thumb": "http://i4.peapod.com/c/KK/KKNHZ.gif", "price": "299", "unit_price": "$.19/ oz", "name": "Newman's Own Salsa Chunky Medium All Natural", "cnid": "2616", "productId": "42413", "size": "16 oz jar"},
{"thumb": "http://i4.peapod.com/c/KK/KKNHZ.gif", "price": "299", "unit_price": "$.19/ oz", "name": "Newman's Own Salsa Chunky Mild All Natural", "cnid": "2616", "productId": "42410", "size": "16 oz jar"},
{"thumb": "http://i4.peapod.com/c/KK/KKNHZ.gif", "price": "299", "unit_price": "$.19/ oz", "name": "Newman's Own Salsa Peach Medium", "cnid": "2616", "productId": "107811", "size": "16 oz jar"},
{"thumb": "http://i4.peapod.com/c/KK/KKNHZ.gif", "price": "299", "unit_price": "$.19/ oz", "name": "Newman's Own Salsa Pineapple Medium All Natural", "cnid": "2616", "productId": "107812", "size": "16 oz jar"},
{"thumb": "http://i4.peapod.com/c/KK/KKNHZ.gif", "price": "329", "unit_price": "$.21/ oz", "name": "On The Border Salsa Medium All Natural", "cnid": "2616", "productId": "65161", "size": "16 oz jar"},
{"thumb": "http://i4.peapod.com/c/KK/KKNHZ.gif", "price": "329", "unit_price": "$.21/ oz", "name": "On The Border Salsa Mild All Natural", "cnid": "2616", "productId": "65160", "size": "16 oz jar"},
{"thumb": "http://i4.peapod.com/c/KK/KKNHZ.gif", "price": "279", "unit_price": "$.17/ oz", "name": "Ortega Salsa Thick & Chunky Medium", "cnid": "2616", "productId": "12315", "size": "16 oz jar"},
{"thumb": "http://i4.peapod.com/c/KK/KKNHZ.gif", "price": "279", "unit_price": "$.17/ oz", "name": "Ortega Salsa Thick & Chunky Mild", "cnid": "2616", "productId": "12314", "size": "16 oz jar"},
{"thumb": "http://i4.peapod.com/c/KK/KKNHZ.gif", "price": "599", "unit_price": "$11.98/ lb", "name": "President Authentic Pub Cheese Cheddar & Horseradish", "cnid": "2616", "productId": "143031", "size": "8 oz tub"},
{"thumb": "http://i4.peapod.com/c/KK/KKNHZ.gif", "price": "499", "unit_price": "$9.98/ lb", "name": "President Authentic Pub Cheese Cheddar Sharp", "cnid": "2616", "productId": "139275", "size": "8 oz tub"},
{"thumb": "http://i4.peapod.com/c/KK/KKNHZ.gif", "price": "599", "unit_price": "$11.98/ lb", "name": "President Pub Cheese Garlic & Herbs", "cnid": "2616", "productId": "139272", "size": "8 oz tub"},
{"thumb": "http://i4.peapod.com/c/KK/KKNHZ.gif", "price": "499", "unit_price": "$9.98/ lb", "name": "Rondele Gourmet Spreadable Cheese Garden Vegetable", "cnid": "2616", "productId": "84262", "size": "8 oz tub"},
{"thumb": "http://i4.peapod.com/c/KK/KKNHZ.gif", "price": "499", "unit_price": "$9.98/ lb", "name": "Rondele Gourmet Spreadable Cheese Garlic & Herbs Light", "cnid": "2616", "productId": "131132", "size": "8 oz tub"},
{"thumb": "http://i4.peapod.com/c/KK/KKNHZ.gif", "price": "449", "unit_price": "$.45/ oz", "name": "Sabra Hummus Classic", "cnid": "2616", "productId": "142016", "size": "10 oz tub"},
{"thumb": "http://i4.peapod.com/c/KK/KKNHZ.gif", "price": "449", "unit_price": "$.45/ oz", "name": "Sabra Hummus Greek Olive", "cnid": "2616", "productId": "149611", "size": "10 oz tub"},
{"thumb": "http://i4.peapod.com/c/KK/KKNHZ.gif", "price": "449", "unit_price": "$.45/ oz", "name": "Sabra Hummus Jalapeno Gluten Free", "cnid": "2616", "productId": "149014", "size": "10 oz tub"},
{"thumb": "http://i4.peapod.com/c/KK/KKNHZ.gif", "price": "449", "unit_price": "$.45/ oz", "name": "Sabra Hummus Roasted Garlic", "cnid": "2616", "productId": "142017", "size": "10 oz tub"},
{"thumb": "http://i4.peapod.com/c/KK/KKNHZ.gif", "price": "449", "unit_price": "$.45/ oz", "name": "Sabra Hummus Roasted Pine Nut", "cnid": "2616", "productId": "142019", "size": "10 oz tub"},
{"thumb": "http://i4.peapod.com/c/KK/KKNHZ.gif", "price": "449", "unit_price": "$.45/ oz", "name": "Sabra Hummus Roasted Red Pepper", "cnid": "2616", "productId": "142018", "size": "10 oz tub"},
{"thumb": "http://i4.peapod.com/c/KK/KKNHZ.gif", "price": "449", "unit_price": "$.45/ oz", "name": "Sabra Hummus Spinach & Artichoke", "cnid": "2616", "productId": "159725", "size": "10 oz tub"},
{"thumb": "http://i4.peapod.com/c/KK/KKNHZ.gif", "price": "449", "unit_price": "$.45/ oz", "name": "Sabra Hummus Supremely Spicy", "cnid": "2616", "productId": "142020", "size": "10 oz tub"},
{"thumb": "http://i4.peapod.com/c/KK/KKNHZ.gif", "price": "200", "unit_price": "$.47/ oz", "name": "Sabra Hummus To Go Classic with Pretzel Crisps", "cnid": "2616", "productId": "142023", "size": "4.3 oz pkg"},
{"thumb": "http://i4.peapod.com/c/KK/KKNHZ.gif", "price": "200", "unit_price": "$.47/ oz", "name": "Sabra Hummus To Go Roasted Garlic with Pretzel Crisps", "cnid": "2616", "productId": "142024", "size": "4.3 oz pkg"},
{"thumb": "http://i4.peapod.com/c/KK/KKNHZ.gif", "price": "200", "unit_price": "$.47/ oz", "name": "Sabra Hummus To Go Roasted Red Pepper with Pretzel Crisps", "cnid": "2616", "productId": "142025", "size": "4.3 oz pkg"},
{"thumb": "http://i4.peapod.com/c/KK/KKNHZ.gif", "price": "299", "unit_price": "$.37/ oz", "name": "Saco Dolci Frutta Chocolate Hard Shell for Fruit", "cnid": "2616", "productId": "40596", "size": "8 oz tub"},
{"thumb": "http://i4.peapod.com/c/KK/KKNHZ.gif", "price": "299", "unit_price": "$.37/ oz", "name": "Saco Dolci Frutta Creamy White Shell", "cnid": "2616", "productId": "159127", "size": "8 oz pkg"},
{"thumb": "http://i4.peapod.com/c/KK/KKNHZ.gif", "price": "399", "unit_price": "$.25/ oz", "name": "San Pedro Salsa Chunky Medium", "cnid": "2616", "productId": "144426", "size": "16 oz tub"},
{"thumb": "http://i4.peapod.com/c/KK/KKNHZ.gif", "price": "399", "unit_price": "$.25/ oz", "name": "San Pedro Salsa Chunky Mild", "cnid": "2616", "productId": "144427", "size": "16 oz tub"},
{"thumb": "http://i4.peapod.com/c/KK/KKNHZ.gif", "price": "349", "unit_price": "$.50/ oz", "name": "Sea Gold Dip Buttered Seafood & Lobster", "cnid": "2616", "productId": "162486", "size": "7 oz tub"},
{"thumb": "http://i4.peapod.com/c/KK/KKNHZ.gif", "price": "349", "unit_price": "$.50/ oz", "name": "Sea Gold Dip Seafood & Crab Refrigerated", "cnid": "2616", "productId": "157376", "size": "7 oz tub"},
{"thumb": "http://i4.peapod.com/c/KK/KKNHZ.gif", "price": "300", "unit_price": "$.30/ oz", "name": "Simply Enjoy Hummus Artichoke & Spinach", "cnid": "2616", "productId": "149607", "size": "10 oz tub"},
{"thumb": "http://i4.peapod.com/c/KK/KKNHZ.gif", "price": "300", "unit_price": "$.30/ oz", "name": "Simply Enjoy Hummus Original", "cnid": "2616", "productId": "149608", "size": "10 oz tub"},
{"thumb": "http://i4.peapod.com/c/KK/KKNHZ.gif", "price": "300", "unit_price": "$.30/ oz", "name": "Simply Enjoy Hummus Red Pepper", "cnid": "2616", "productId": "149609", "size": "10 oz tub"},
{"thumb": "http://i4.peapod.com/c/KK/KKNHZ.gif", "price": "300", "unit_price": "$.30/ oz", "name": "Simply Enjoy Hummus Roasted Garlic", "cnid": "2616", "productId": "149610", "size": "10 oz tub"},
{"thumb": "http://i4.peapod.com/c/KK/KKNHZ.gif", "price": "499", "unit_price": "$.36/ oz", "name": "Stop & Shop Guacamole Salsa Medium Fresh", "cnid": "2616", "productId": "192870", "size": "14 oz tub"},
{"thumb": "http://i4.peapod.com/c/KK/KKNHZ.gif", "price": "399", "unit_price": "$.25/ oz", "name": "Stop & Shop Salsa Hot Fresh", "cnid": "2616", "productId": "192871", "size": "16 oz tub"},
{"thumb": "http://i4.peapod.com/c/KK/KKNHZ.gif", "price": "399", "unit_price": "$.25/ oz", "name": "Stop & Shop Salsa Mild Fresh", "cnid": "2616", "productId": "159554", "size": "16 oz tub"},
{"thumb": "http://i4.peapod.com/c/KK/KKNHZ.gif", "price": "289", "unit_price": "$.12/ oz", "name": "Stop & Shop Salsa Southwest Medium", "cnid": "2616", "productId": "56371", "size": "24 oz jar"},
{"thumb": "http://i4.peapod.com/c/KK/KKNHZ.gif", "price": "289", "unit_price": "$.12/ oz", "name": "Stop & Shop Salsa Southwest Style Hot All Natural", "cnid": "2616", "productId": "130693", "size": "24 oz jar"},
{"thumb": "http://i4.peapod.com/c/KK/KKNHZ.gif", "price": "289", "unit_price": "$.12/ oz", "name": "Stop & Shop Salsa Southwest Style Mild All Natural", "cnid": "2616", "productId": "56370", "size": "24 oz jar"},
{"thumb": "http://i4.peapod.com/c/KK/KKNHZ.gif", "price": "333", "unit_price": "$.22/ oz", "name": "Tostitos Dip Creamy Spinach", "cnid": "2616", "productId": "147607", "size": "15.2 oz jar"},
{"thumb": "http://i4.peapod.com/c/KK/KKNHZ.gif", "price": "329", "unit_price": "$.21/ oz", "name": "Tostitos Restaurant Style Salsa Medium", "cnid": "2616", "productId": "110191", "size": "16 oz jar"},
{"thumb": "http://i4.peapod.com/c/KK/KKNHZ.gif", "price": "329", "unit_price": "$.21/ oz", "name": "Tostitos Salsa Chunky Medium All Natural", "cnid": "2616", "productId": "20385", "size": "15.5 oz jar"},
{"thumb": "http://i4.peapod.com/c/KK/KKNHZ.gif", "price": "333", "unit_price": "$.14/ oz", "name": "Tostitos Salsa Chunky Mild All Natural", "cnid": "2616", "productId": "137194", "size": "24 oz jar"},
{"thumb": "http://i4.peapod.com/c/KK/KKNHZ.gif", "price": "329", "unit_price": "$.21/ oz", "name": "Tostitos Salsa Chunky Mild All Natural", "cnid": "2616", "productId": "39254", "size": "15.5 oz jar"},
{"thumb": "http://i4.peapod.com/c/KK/KKNHZ.gif", "price": "333", "unit_price": "$.22/ oz", "name": "Tostitos Salsa con Queso Medium", "cnid": "2616", "productId": "20384", "size": "15 oz jar"},
{"thumb": "http://i4.peapod.com/c/KK/KKNHZ.gif", "price": "469", "unit_price": "$.20/ oz", "name": "Tostitos Salsa con Queso Medium", "cnid": "2616", "productId": "148810", "size": "23 oz jar"},
{"thumb": "http://i4.peapod.com/c/KK/KKNHZ.gif", "price": "350", "unit_price": "$.44/ oz", "name": "Tribe Hummus Chili Pepper All Natural", "cnid": "2616", "productId": "71980", "size": "8 oz tub"},
{"thumb": "http://i4.peapod.com/c/KK/KKNHZ.gif", "price": "350", "unit_price": "$.44/ oz", "name": "Tribe Hummus Classic All Natural", "cnid": "2616", "productId": "27556", "size": "8 oz tub"},
{"thumb": "http://i4.peapod.com/c/KK/KKNHZ.gif", "price": "499", "unit_price": "$.31/ oz", "name": "Tribe Hummus Classic All Natural", "cnid": "2616", "productId": "73464", "size": "16 oz tub"},
{"thumb": "http://i4.peapod.com/c/KK/KKNHZ.gif", "price": "350", "unit_price": "$.44/ oz", "name": "Tribe Hummus Forty Spices All Natural", "cnid": "2616", "productId": "61135", "size": "8 oz tub"},
{"thumb": "http://i4.peapod.com/c/KK/KKNHZ.gif", "price": "499", "unit_price": "$.31/ oz", "name": "Tribe Hummus Roasted Garlic All Natural", "cnid": "2616", "productId": "73459", "size": "16 oz tub"},
{"thumb": "http://i4.peapod.com/c/KK/KKNHZ.gif", "price": "350", "unit_price": "$.44/ oz", "name": "Tribe Hummus Roasted Garlic All Natural", "cnid": "2616", "productId": "27557", "size": "8 oz tub"},
{"thumb": "http://i4.peapod.com/c/KK/KKNHZ.gif", "price": "350", "unit_price": "$.44/ oz", "name": "Tribe Hummus Roasted Red Pepper All Natural", "cnid": "2616", "productId": "81661", "size": "8 oz tub"},
{"thumb": "http://i4.peapod.com/c/KK/KKNHZ.gif", "price": "350", "unit_price": "$.44/ oz", "name": "Tribe Hummus Spicy Chipotle All Natural", "cnid": "2616", "productId": "154387", "size": "8 oz tub"},
{"thumb": "http://i4.peapod.com/c/KK/KKNHZ.gif", "price": "499", "unit_price": "$.31/ oz", "name": "Tribe Hummus Sweet Roasted Red Pepper All Natural", "cnid": "2616", "productId": "73458", "size": "16 oz tub"},
{"thumb": "http://i4.peapod.com/c/KK/KKNHZ.gif", "price": "350", "unit_price": "$.44/ oz", "name": "Tribe Hummus Zesty Lemon All Natural", "cnid": "2616", "productId": "73453", "size": "8 oz tub"},
{"thumb": "http://i4.peapod.com/c/KK/KKNHZ.gif", "price": "549", "unit_price": "$.46/ oz", "name": "Wholly Guacamole 100 Calorie Packs Classic All Natural - 6 pk Refrigerated", "cnid": "2616", "productId": "157342", "size": "12 oz pkg"},
{"thumb": "http://i4.peapod.com/c/KK/KKNHZ.gif", "price": "549", "unit_price": "$.39/ oz", "name": "Wholly Guacamole Classic All Natural - 2 pk Refrigerated", "cnid": "2616", "productId": "152068", "size": "14 oz pkg"},
{"thumb": "http://i4.peapod.com/c/KK/KKNHZ.gif", "price": "549", "unit_price": "$.39/ oz", "name": "Wholly Guacamole Guaca Salsa All Natural - 2 pk Refrigerated", "cnid": "2616", "productId": "159555", "size": "14 oz pkg"},
{"thumb": "http://i4.peapod.com/c/KK/KKNHZ.gif", "price": "449", "unit_price": "$8.98/ lb", "name": "WisPride Cheese Spreadable Cheddar Sharp", "cnid": "2616", "productId": "21957", "size": "8 oz tub"},
{"thumb": "http://i4.peapod.com/c/KK/KKNHZ.gif", "price": "259", "unit_price": "$.63/ oz", "name": "AK MAK Crackers 100% Whole Wheat Stone Ground Sesame", "cnid": "2594", "productId": "154460", "size": "4.1 oz pkg"},
{"thumb": "http://i4.peapod.com/c/KK/KKNHZ.gif", "price": "499", "unit_price": "$.62/ oz", "name": "Back to Nature Crackers Crispy Cheddars - 8 pk", "cnid": "2594", "productId": "156331", "size": "8 oz pkg"},
{"thumb": "http://i4.peapod.com/c/KK/KKNHZ.gif", "price": "499", "unit_price": "$.62/ oz", "name": "Back to Nature Graham Sticks Honey - 8 pk", "cnid": "2594", "productId": "156330", "size": "8 oz pkg"},
{"thumb": "http://i4.peapod.com/c/KK/KKNHZ.gif", "price": "299", "unit_price": "$.70/ oz", "name": "Blue Diamond Almonds Baked Nut Chips Sea Salt All Natural", "cnid": "2594", "productId": "165107", "size": "4.25 oz bag"},
{"thumb": "http://i4.peapod.com/c/KK/KKNHZ.gif", "price": "299", "unit_price": "$.70/ oz", "name": "Blue Diamond Pecan Nut-Thins Nut & Rice Cracker Snacks Natural", "cnid": "2594", "productId": "147504", "size": "4.25 oz box"},
{"thumb": "http://i4.peapod.com/c/KK/KKNHZ.gif", "price": "399", "unit_price": "$.67/ oz", "name": "Cape Cod Kettle Cooked Potato Chips 40% Reduced Fat Lunch Packs - 8 pk", "cnid": "2594", "productId": "141219", "size": "6 oz bag"},
{"thumb": "http://i4.peapod.com/c/KK/KKNHZ.gif", "price": "399", "unit_price": "$.50/ oz", "name": "Cape Cod Kettle Cooked Potato Chips Lunch Packs All Natural - 8 pk", "cnid": "2594", "productId": "62254", "size": "8 oz pkg"},
{"thumb": "http://i4.peapod.com/c/KK/KKNHZ.gif", "price": "399", "unit_price": "$.57/ oz", "name": "Carr's Crackers Whole Wheat", "cnid": "2594", "productId": "7806", "size": "7 oz box"},
{"thumb": "http://i4.peapod.com/c/KK/KKNHZ.gif", "price": "399", "unit_price": "$.94/ oz", "name": "Carr's Table Water Crackers Cracked Pepper", "cnid": "2594", "productId": "14247", "size": "4.25 oz box"},
{"thumb": "http://i4.peapod.com/c/KK/KKNHZ.gif", "price": "399", "unit_price": "$.94/ oz", "name": "Carr's Table Water Crackers Regular", "cnid": "2594", "productId": "7804", "size": "4.25 oz box"},
{"thumb": "http://i4.peapod.com/c/KK/KKNHZ.gif", "price": "399", "unit_price": "$.94/ oz", "name": "Carr's Table Water Crackers Sesame", "cnid": "2594", "productId": "7807", "size": "4.25 oz box"},
{"thumb": "http://i4.peapod.com/c/KK/KKNHZ.gif", "price": "429", "unit_price": "$.36/ oz", "name": "Cheetos 12-Sack Cheese Crunchy", "cnid": "2594", "productId": "111133", "size": "12 oz bag"},
{"thumb": "http://i4.peapod.com/c/KK/KKNHZ.gif", "price": "369", "unit_price": "$.46/ oz", "name": "Dare Breton Crackers Garden Vegetable", "cnid": "2594", "productId": "179557", "size": "8 oz box"},
{"thumb": "http://i4.peapod.com/c/KK/KKNHZ.gif", "price": "369", "unit_price": "$.42/ oz", "name": "Dare Breton Crackers Multigrain", "cnid": "2594", "productId": "157628", "size": "8.8 oz box"},
{"thumb": "http://i4.peapod.com/c/KK/KKNHZ.gif", "price": "369", "unit_price": "$.46/ oz", "name": "Dare Breton Crackers Original", "cnid": "2594", "productId": "7800", "size": "8 oz box"},
{"thumb": "http://i4.peapod.com/c/KK/KKNHZ.gif", "price": "369", "unit_price": "$.46/ oz", "name": "Dare Breton Crackers Original Mini", "cnid": "2594", "productId": "180090", "size": "8 oz box"},
{"thumb": "http://i4.peapod.com/c/KK/KKNHZ.gif", "price": "369", "unit_price": "$.42/ oz", "name": "Dare Breton Crackers Sesame", "cnid": "2594", "productId": "49091", "size": "8.8 oz box"},
{"thumb": "http://i4.peapod.com/c/KK/KKNHZ.gif", "price": "349", "unit_price": "$1.00/ oz", "name": "Edward & Sons Brown Rice Snaps Baked Vegetable Gluten Free", "cnid": "2594", "productId": "156516", "size": "3.5 oz pkg"},
{"thumb": "http://i4.peapod.com/c/KK/KKNHZ.gif", "price": "499", "unit_price": "$.30/ oz", "name": "Famous Amos Cookies Chocolate Chip - 12 pk", "cnid": "2594", "productId": "133570", "size": "16.8 oz box"},
{"thumb": "http://i4.peapod.com/c/KK/KKNHZ.gif", "price": "799", "unit_price": "$.40/ oz", "name": "Frito-Lay Variety Pack Classic Mix - 20 pk", "cnid": "2594", "productId": "86591", "size": "20 oz pkg"},
{"thumb": "http://i4.peapod.com/c/KK/KKNHZ.gif", "price": "799", "unit_price": "$.40/ oz", "name": "Frito-Lay Variety Pack Flavor Mix - 20 pk", "cnid": "2594", "productId": "141982", "size": "20 oz pkg"},
{"thumb": "http://i4.peapod.com/c/KK/KKNHZ.gif", "price": "799", "unit_price": "$.44/ oz", "name": "Frito-Lay Variety Pack Smart Mix Baked Snacks - 20 pk", "cnid": "2594", "productId": "145094", "size": "18 oz pkg"},
{"thumb": "http://i4.peapod.com/c/KK/KKNHZ.gif", "price": "449", "unit_price": "$.19/ oz", "name": "Goya Crackers Soda", "cnid": "2594", "productId": "157590", "size": "24 oz can"},
{"thumb": "http://i4.peapod.com/c/KK/KKNHZ.gif", "price": "150", "unit_price": "$.10/ oz", "name": "Guaranteed Value Graham Crackers Honey", "cnid": "2594", "productId": "173830", "size": "14.4 oz box"},
{"thumb": "http://i4.peapod.com/c/KK/KKNHZ.gif", "price": "299", "unit_price": "$.85/ oz", "name": "KA-ME Rice Crackers Sesame", "cnid": "2594", "productId": "55856", "size": "3.5 oz pkg"},
{"thumb": "http://i4.peapod.com/c/KK/KKNHZ.gif", "price": "299", "unit_price": "$.85/ oz", "name": "KA-ME Rice Crackers Wasabi", "cnid": "2594", "productId": "154459", "size": "3.5 oz pkg"},
{"thumb": "http://i4.peapod.com/c/KK/KKNHZ.gif", "price": "299", "unit_price": "$.85/ oz", "name": "KA-ME Rice Crunch Crackers Plain", "cnid": "2594", "productId": "55855", "size": "3.5 oz pkg"},
{"thumb": "http://i4.peapod.com/c/KK/KKNHZ.gif", "price": "300", "unit_price": "$.38/ oz", "name": "Kashi Heart to Heart Whole Grain Crackers Original", "cnid": "2594", "productId": "155359", "size": "8 oz box"},
{"thumb": "http://i4.peapod.com/c/KK/KKNHZ.gif", "price": "300", "unit_price": "$.33/ oz", "name": "Kashi Snack Crackers Original 7 Grain All Natural", "cnid": "2594", "productId": "129501", "size": "9 oz box"},
{"thumb": "http://i4.peapod.com/c/KK/KKNHZ.gif", "price": "379", "unit_price": "$.29/ oz", "name": "Keebler Animals Cookies Iced", "cnid": "2594", "productId": "54230", "size": "13 oz bag"},
{"thumb": "http://i4.peapod.com/c/KK/KKNHZ.gif", "price": "300", "unit_price": "$.20/ oz", "name": "Keebler Club Crackers Multigrain", "cnid": "2594", "productId": "140588", "size": "15 oz box"},
{"thumb": "http://i4.peapod.com/c/KK/KKNHZ.gif", "price": "300", "unit_price": "$.19/ oz", "name": "Keebler Club Crackers Original", "cnid": "2594", "productId": "2916", "size": "16 oz box"},
{"thumb": "http://i4.peapod.com/c/KK/KKNHZ.gif", "price": "300", "unit_price": "$.21/ oz", "name": "Keebler Club Crackers Reduced Fat", "cnid": "2594", "productId": "44609", "size": "14 oz box"},
{"thumb": "http://i4.peapod.com/c/KK/KKNHZ.gif", "price": "499", "unit_price": "$.30/ oz", "name": "Keebler Cookies Fudge Stripes Original Mini - 12 pk", "cnid": "2594", "productId": "133567", "size": "16.8 oz box"},
{"thumb": "http://i4.peapod.com/c/KK/KKNHZ.gif", "price": "300", "unit_price": "$.46/ oz", "name": "Keebler Fudge Sticks Original Jumbo - 6 pk", "cnid": "2594", "productId": "161835", "size": "6.6 oz box"},
{"thumb": "http://i4.peapod.com/c/KK/KKNHZ.gif", "price": "449", "unit_price": "$.30/ oz", "name": "Keebler Graham Crackers Original", "cnid": "2594", "productId": "2913", "size": "15 oz box"},
{"thumb": "http://i4.peapod.com/c/KK/KKNHZ.gif", "price": "300", "unit_price": "$.68/ oz", "name": "Keebler Right Bites 100 Calorie Packs Cookies Chips Deluxe - 6 pk", "cnid": "2594", "productId": "138031", "size": "4.44 oz box"},
{"thumb": "http://i4.peapod.com/c/KK/KKNHZ.gif", "price": "300", "unit_price": "$.71/ oz", "name": "Keebler Right Bites 100 Calorie Packs Cookies Fudge Grahams - 6 pk", "cnid": "2594", "productId": "151541", "size": "4.24 oz box"},
{"thumb": "http://i4.peapod.com/c/KK/KKNHZ.gif", "price": "300", "unit_price": "$.68/ oz", "name": "Keebler Right Bites 100 Calorie Packs Cookies Fudge Stripes Mini - 6 pk", "cnid": "2594", "productId": "140589", "size": "4.44 oz box"},
{"thumb": "http://i4.peapod.com/c/KK/KKNHZ.gif", "price": "499", "unit_price": "$.57/ oz", "name": "Keebler Right Bites 100 Cal Variety Packs (Fudge Shoppe/Cheez-It) 12 pk", "cnid": "2594", "productId": "145754", "size": "8.8 oz box"},
{"thumb": "http://i4.peapod.com/c/KK/KKNHZ.gif", "price": "250", "unit_price": "$.23/ oz", "name": "Keebler Sandwich Crackers Cheese & Peanut Butter - 8 ct", "cnid": "2594", "productId": "58960", "size": "11 oz pkg"},
{"thumb": "http://i4.peapod.com/c/KK/KKNHZ.gif", "price": "250", "unit_price": "$.24/ oz", "name": "Keebler Sandwich Crackers Club & Cheddar Cheese - 8 ct", "cnid": "2594", "productId": "58959", "size": "10.4 oz pkg"},
{"thumb": "http://i4.peapod.com/c/KK/KKNHZ.gif", "price": "250", "unit_price": "$.23/ oz", "name": "Keebler Sandwich Crackers PB'n J - 8 pk", "cnid": "2594", "productId": "159104", "size": "11 oz pkg"},
{"thumb": "http://i4.peapod.com/c/KK/KKNHZ.gif", "price": "250", "unit_price": "$.23/ oz", "name": "Keebler Sandwich Crackers Toast & Peanut Butter - 8 ct", "cnid": "2594", "productId": "46957", "size": "11 oz pkg"},
{"thumb": "http://i4.peapod.com/c/KK/KKNHZ.gif", "price": "499", "unit_price": "$.42/ oz", "name": "Keebler Toasteds Cracker Assortment Party Pack", "cnid": "2594", "productId": "2950", "size": "12 oz box"},
{"thumb": "http://i4.peapod.com/c/KK/KKNHZ.gif", "price": "399", "unit_price": "$.50/ oz", "name": "Keebler Toasteds Crackers Buttercrisp", "cnid": "2594", "productId": "2954", "size": "8 oz box"},
{"thumb": "http://i4.peapod.com/c/KK/KKNHZ.gif", "price": "399", "unit_price": "$.50/ oz", "name": "Keebler Toasteds Crackers Harvest Wheat", "cnid": "2594", "productId": "2922", "size": "8 oz box"},
{"thumb": "http://i4.peapod.com/c/KK/KKNHZ.gif", "price": "399", "unit_price": "$.50/ oz", "name": "Keebler Toasteds Crackers Savory Onion", "cnid": "2594", "productId": "2953", "size": "8 oz box"},
{"thumb": "http://i4.peapod.com/c/KK/KKNHZ.gif", "price": "300", "unit_price": "$.19/ oz", "name": "Keebler Town House Crackers Original", "cnid": "2594", "productId": "2972", "size": "16 oz box"},
{"thumb": "http://i4.peapod.com/c/KK/KKNHZ.gif", "price": "300", "unit_price": "$.23/ oz", "name": "Keebler Town House Crackers Reduced Fat", "cnid": "2594", "productId": "51279", "size": "13 oz box"},
{"thumb": "http://i4.peapod.com/c/KK/KKNHZ.gif", "price": "300", "unit_price": "$.32/ oz", "name": "Keebler Town House Flatbread Crisps Crackers Italian Herb", "cnid": "2594", "productId": "159158", "size": "9.5 oz box"},
{"thumb": "http://i4.peapod.com/c/KK/KKNHZ.gif", "price": "300", "unit_price": "$.32/ oz", "name": "Keebler Town House Flatbread Crisps Crackers Sea Salt & Olive Oil", "cnid": "2594", "productId": "159157", "size": "9.5 oz box"},
{"thumb": "http://i4.peapod.com/c/KK/KKNHZ.gif", "price": "300", "unit_price": "$.26/ oz", "name": "Keebler Town House Flip Sides Pretzel Crackers Cheddar", "cnid": "2594", "productId": "149865", "size": "11.7 oz box"},
{"thumb": "http://i4.peapod.com/c/KK/KKNHZ.gif", "price": "300", "unit_price": "$.26/ oz", "name": "Keebler Town House Flip Sides Pretzel Crackers Original", "cnid": "2594", "productId": "149866", "size": "11.7 oz box"},
{"thumb": "http://i4.peapod.com/c/KK/KKNHZ.gif", "price": "499", "unit_price": "$.31/ oz", "name": "Keebler Variety Crackers & Cookies Snack Packs - 12 pk", "cnid": "2594", "productId": "133568", "size": "16.2 oz box"},
{"thumb": "http://i4.peapod.com/c/KK/KKNHZ.gif", "price": "499", "unit_price": "$.45/ oz", "name": "Keebler Variety Snack Packs Grahams, Rice Krispies & Bug Bites - 12 pk", "cnid": "2594", "productId": "143591", "size": "11 oz box"},
{"thumb": "http://i4.peapod.com/c/KK/KKNHZ.gif", "price": "399", "unit_price": "$.47/ oz", "name": "Keebler Wheatables Crackers Original Golden Wheat", "cnid": "2594", "productId": "45593", "size": "8.5 oz box"},
{"thumb": "http://i4.peapod.com/c/KK/KKNHZ.gif", "price": "399", "unit_price": "$.47/ oz", "name": "Keebler Wheatables Crackers Toasted Honey Wheat", "cnid": "2594", "productId": "102098", "size": "8.5 oz box"},
{"thumb": "http://i4.peapod.com/c/KK/KKNHZ.gif", "price": "300", "unit_price": "$.75/ oz", "name": "Kellogg's Special K Cracker Chips Baked Snacks Cheddar", "cnid": "2594", "productId": "183866", "size": "4 oz box"},
{"thumb": "http://i4.peapod.com/c/KK/KKNHZ.gif", "price": "300", "unit_price": "$.75/ oz", "name": "Kellogg's Special K Cracker Chips Baked Snacks Sea Salt", "cnid": "2594", "productId": "161843", "size": "4 oz box"},
{"thumb": "http://i4.peapod.com/c/KK/KKNHZ.gif", "price": "300", "unit_price": "$.75/ oz", "name": "Kellogg's Special K Cracker Chips Baked Snacks Sour Cream & Onion", "cnid": "2594", "productId": "161844", "size": "4 oz box"},
{"thumb": "http://i4.peapod.com/c/KK/KKNHZ.gif", "price": "300", "unit_price": "$.75/ oz", "name": "Kellogg's Special K Cracker Chips Baked Snacks Southwest Ranch", "cnid": "2594", "productId": "183867", "size": "4 oz box"},
{"thumb": "http://i4.peapod.com/c/KK/KKNHZ.gif", "price": "300", "unit_price": "$.38/ oz", "name": "Kellogg's Special K Snack Crackers Multigrain", "cnid": "2594", "productId": "153409", "size": "8 oz box"},
{"thumb": "http://i4.peapod.com/c/KK/KKNHZ.gif", "price": "250", "unit_price": "$.45/ oz", "name": "Kraft Handi-Snacks Mister Salty Pretzels 'n Cheese Dip - 6 ct", "cnid": "2594", "productId": "26006", "size": "5.52 oz pkg"},
{"thumb": "http://i4.peapod.com/c/KK/KKNHZ.gif", "price": "250", "unit_price": "$.42/ oz", "name": "Kraft Handi-Snacks Oreo Cookie Sticks 'n Creme - 6 ct", "cnid": "2594", "productId": "140903", "size": "6 oz pkg"},
{"thumb": "http://i4.peapod.com/c/KK/KKNHZ.gif", "price": "250", "unit_price": "$.38/ oz", "name": "Kraft Handi-Snacks Premium Breadsticks 'n Cheez - 6 ct", "cnid": "2594", "productId": "85167", "size": "6.5 oz pkg"},
{"thumb": "http://i4.peapod.com/c/KK/KKNHZ.gif", "price": "250", "unit_price": "$.44/ oz", "name": "Kraft Handi-Snacks Ritz Crackers 'n Cheese Dip - 6 ct", "cnid": "2594", "productId": "85738", "size": "5.7 oz box"},
{"thumb": "http://i4.peapod.com/c/KK/KKNHZ.gif", "price": "369", "unit_price": "$.37/ oz", "name": "Manischewitz Matzos All Natural", "cnid": "2594", "productId": "8762", "size": "10 oz box"},
{"thumb": "http://i4.peapod.com/c/KK/KKNHZ.gif", "price": "369", "unit_price": "$.37/ oz", "name": "Manischewitz Matzos Egg & Onion", "cnid": "2594", "productId": "8774", "size": "10 oz box"},
{"thumb": "http://i4.peapod.com/c/KK/KKNHZ.gif", "price": "369", "unit_price": "$.37/ oz", "name": "Manischewitz Matzos Thin Unsalted", "cnid": "2594", "productId": "8770", "size": "10 oz box"},
{"thumb": "http://i4.peapod.com/c/KK/KKNHZ.gif", "price": "399", "unit_price": "$.61/ oz", "name": "Mary's Gone Crackers Original Seed Organic", "cnid": "2594", "productId": "142586", "size": "6.5 oz box"},
{"thumb": "http://i4.peapod.com/c/KK/KKNHZ.gif", "price": "299", "unit_price": "$.62/ oz", "name": "Nabisco 100 Cal Chips Ahoy! Thin Crisps - 6 pk", "cnid": "2594", "productId": "135068", "size": "4.8 oz box"},
{"thumb": "http://i4.peapod.com/c/KK/KKNHZ.gif", "price": "299", "unit_price": "$.67/ oz", "name": "Nabisco 100 Cal Lorna Doone Cookie Crisps Shortbread - 6 pk", "cnid": "2594", "productId": "143688", "size": "4.44 oz box"},
{"thumb": "http://i4.peapod.com/c/KK/KKNHZ.gif", "price": "299", "unit_price": "$.62/ oz", "name": "Nabisco 100 Cal Oreo Thin Crisps - 6 pk", "cnid": "2594", "productId": "135067", "size": "4.8 oz box"},
{"thumb": "http://i4.peapod.com/c/KK/KKNHZ.gif", "price": "199", "unit_price": "$.25/ oz", "name": "Nabisco Barnum's Animal Crackers", "cnid": "2594", "productId": "125058", "size": "8 oz pkg"},
{"thumb": "http://i4.peapod.com/c/KK/KKNHZ.gif", "price": "179", "unit_price": "$.84/ oz", "name": "Nabisco Barnum's Animal Crackers", "cnid": "2594", "productId": "6193", "size": "2.12 oz box"},
{"thumb": "http://i4.peapod.com/c/KK/KKNHZ.gif", "price": "300", "unit_price": "$.34/ oz", "name": "Nabisco belVita Breakfast Biscuits Chocolate - 5 pk", "cnid": "2594", "productId": "188746", "size": "8.81 oz box"},
{"thumb": "http://i4.peapod.com/c/KK/KKNHZ.gif", "price": "549", "unit_price": "$.46/ oz", "name": "Nabisco Chips Ahoy! Cookies Chocolate Chip Mini Snack Packs - 12 pk", "cnid": "2594", "productId": "115078", "size": "12 oz box"},
{"thumb": "http://i4.peapod.com/c/KK/KKNHZ.gif", "price": "549", "unit_price": "$.33/ oz", "name": "Nabisco Chips Ahoy! Cookies Snack Packs - 12 pk", "cnid": "2594", "productId": "60672", "size": "16.7 oz pkg"},
{"thumb": "http://i4.peapod.com/c/KK/KKNHZ.gif", "price": "799", "unit_price": "$.40/ oz", "name": "Nabisco Cookies & Crackers Classic Mix Snack Packs Variety Pack - 20 pk", "cnid": "2594", "productId": "190993", "size": "20 oz box"},
{"thumb": "http://i4.peapod.com/c/KK/KKNHZ.gif", "price": "549", "unit_price": "$.26/ oz", "name": "Nabisco Cookies Chips Ahoy!, Nutter Butter, Oreo Variety Pack - 12 pk", "cnid": "2594", "productId": "114407", "size": "21.2 oz box"},
{"thumb": "http://i4.peapod.com/c/KK/KKNHZ.gif", "price": "100", "unit_price": "$.33/ oz", "name": "Nabisco Go Packs Ritz Bits Sandwiches with Cheese", "cnid": "2594", "productId": "158431", "size": "3 oz cup"},
{"thumb": "http://i4.peapod.com/c/KK/KKNHZ.gif", "price": "100", "unit_price": "$.36/ oz", "name": "Nabisco Go Packs Teddy Grahams Honey", "cnid": "2594", "productId": "158432", "size": "2.75 oz cup"},
{"thumb": "http://i4.peapod.com/c/KK/KKNHZ.gif", "price": "299", "unit_price": "$.21/ oz", "name": "Nabisco Graham Crackers", "cnid": "2594", "productId": "6189", "size": "14.4 oz box"},
{"thumb": "http://i4.peapod.com/c/KK/KKNHZ.gif", "price": "299", "unit_price": "$.25/ oz", "name": "Nabisco Honey Maid Fresh Stacks Grahams Honey - 6 pk", "cnid": "2594", "productId": "162627", "size": "12.2 oz pkg"},
{"thumb": "http://i4.peapod.com/c/KK/KKNHZ.gif", "price": "299", "unit_price": "$.21/ oz", "name": "Nabisco Honey Maid Grahams Chocolate", "cnid": "2594", "productId": "34587", "size": "14.4 oz box"},
{"thumb": "http://i4.peapod.com/c/KK/KKNHZ.gif", "price": "299", "unit_price": "$.21/ oz", "name": "Nabisco Honey Maid Grahams Cinnamon", "cnid": "2594", "productId": "6177", "size": "14.4 oz box"},
{"thumb": "http://i4.peapod.com/c/KK/KKNHZ.gif", "price": "299", "unit_price": "$.21/ oz", "name": "Nabisco Honey Maid Grahams Cinnamon Low Fat", "cnid": "2594", "productId": "44400", "size": "14.4 oz box"},
{"thumb": "http://i4.peapod.com/c/KK/KKNHZ.gif", "price": "299", "unit_price": "$.21/ oz", "name": "Nabisco Honey Maid Grahams Honey", "cnid": "2594", "productId": "6167", "size": "14.4 oz box"},
{"thumb": "http://i4.peapod.com/c/KK/KKNHZ.gif", "price": "299", "unit_price": "$.21/ oz", "name": "Nabisco Honey Maid Grahams Honey Low Fat", "cnid": "2594", "productId": "44366", "size": "14.4 oz box"},
{"thumb": "http://i4.peapod.com/c/KK/KKNHZ.gif", "price": "549", "unit_price": "$.23/ oz", "name": "Nabisco Newtons Snack Packs Fig - 12 pk", "cnid": "2594", "productId": "40102", "size": "24 oz pkg"},
{"thumb": "http://i4.peapod.com/c/KK/KKNHZ.gif", "price": "549", "unit_price": "$.22/ oz", "name": "Nabisco Newtons Snack Packs Fig Fat Free - 12 pk", "cnid": "2594", "productId": "80880", "size": "25.2 oz pkg"},
{"thumb": "http://i4.peapod.com/c/KK/KKNHZ.gif", "price": "549", "unit_price": "$.24/ oz", "name": "Nabisco Nutter Butter Cookies Snack Packs - 12 pk", "cnid": "2594", "productId": "40101", "size": "22.8 oz pkg"},
{"thumb": "http://i4.peapod.com/c/KK/KKNHZ.gif", "price": "549", "unit_price": "$.46/ oz", "name": "Nabisco Oreo Cookies Bite Size Mini Snack Packs - 12 pk", "cnid": "2594", "productId": "118907", "size": "12 oz box"},
{"thumb": "http://i4.peapod.com/c/KK/KKNHZ.gif", "price": "549", "unit_price": "$.26/ oz", "name": "Nabisco Oreo Cookies Regular, Golden & Double Stuf Variety Pack - 12 pk", "cnid": "2594", "productId": "142347", "size": "21.2 oz box"},
{"thumb": "http://i4.peapod.com/c/KK/KKNHZ.gif", "price": "549", "unit_price": "$.23/ oz", "name": "Nabisco Oreo Cookies Snack Packs - 12 pk", "cnid": "2594", "productId": "40115", "size": "24 oz pkg"},
{"thumb": "http://i4.peapod.com/c/KK/KKNHZ.gif", "price": "299", "unit_price": "$.33/ oz", "name": "Nabisco Premium Oyster Crackers", "cnid": "2594", "productId": "6195", "size": "9 oz bag"},
{"thumb": "http://i4.peapod.com/c/KK/KKNHZ.gif", "price": "299", "unit_price": "$.19/ oz", "name": "Nabisco Premium Saltine Crackers Original", "cnid": "2594", "productId": "6169", "size": "16 oz box"},
{"thumb": "http://i4.peapod.com/c/KK/KKNHZ.gif", "price": "299", "unit_price": "$.27/ oz", "name": "Nabisco Premium Saltine Crackers Original Minis", "cnid": "2594", "productId": "163873", "size": "11 oz box"},
{"thumb": "http://i4.peapod.com/c/KK/KKNHZ.gif", "price": "199", "unit_price": "$.19/ oz", "name": "Nabisco Premium Saltine Crackers Original Round", "cnid": "2594", "productId": "186566", "size": "10.5 oz box"},
{"thumb": "http://i4.peapod.com/c/KK/KKNHZ.gif", "price": "199", "unit_price": "$.19/ oz", "name": "Nabisco Premium Saltine Crackers Unsalted Tops Round", "cnid": "2594", "productId": "186565", "size": "10.5 oz box"},
{"thumb": "http://i4.peapod.com/c/KK/KKNHZ.gif", "price": "549", "unit_price": "$.46/ oz", "name": "Nabisco Ritz Bits & Mini Chips Ahoy! Variety Pack - 12 pk", "cnid": "2594", "productId": "116197", "size": "12 oz box"},
{"thumb": "http://i4.peapod.com/c/KK/KKNHZ.gif", "price": "329", "unit_price": "$.35/ oz", "name": "Nabisco Ritz Bits Sandwiches with Cheese", "cnid": "2594", "productId": "6236", "size": "9.5 oz box"},
{"thumb": "http://i4.peapod.com/c/KK/KKNHZ.gif", "price": "329", "unit_price": "$.35/ oz", "name": "Nabisco Ritz Bits Sandwiches with Peanut Butter", "cnid": "2594", "productId": "6253", "size": "9.5 oz box"},
{"thumb": "http://i4.peapod.com/c/KK/KKNHZ.gif", "price": "299", "unit_price": "$.50/ oz", "name": "Nabisco Ritz Crackerfuls Filled Crackers Classic Cheddar - 6 ct", "cnid": "2594", "productId": "155510", "size": "6 oz box"},
{"thumb": "http://i4.peapod.com/c/KK/KKNHZ.gif", "price": "299", "unit_price": "$.50/ oz", "name": "Nabisco Ritz Crackerfuls Filled Crackers Four Cheese - 6 ct", "cnid": "2594", "productId": "155511", "size": "6 oz box"},
{"thumb": "http://i4.peapod.com/c/KK/KKNHZ.gif", "price": "359", "unit_price": "$.32/ oz", "name": "Nabisco Ritz Crackers", "cnid": "2594", "productId": "6171", "size": "11.3 oz box"},
{"thumb": "http://i4.peapod.com/c/KK/KKNHZ.gif", "price": "329", "unit_price": "$.22/ oz", "name": "Nabisco Ritz Crackers", "cnid": "2594", "productId": "6165", "size": "15.1 oz box"},
{"thumb": "http://i4.peapod.com/c/KK/KKNHZ.gif", "price": "250", "unit_price": "$.24/ oz", "name": "Nabisco Ritz Cracker Sandwiches with Cheese - 8 ct", "cnid": "2594", "productId": "125095", "size": "10.5 oz pkg"},
{"thumb": "http://i4.peapod.com/c/KK/KKNHZ.gif", "price": "329", "unit_price": "$.26/ oz", "name": "Nabisco Ritz Crackers Fresh Stacks - 8 ct", "cnid": "2594", "productId": "151176", "size": "12.8 oz box"},
{"thumb": "http://i4.peapod.com/c/KK/KKNHZ.gif", "price": "329", "unit_price": "$.22/ oz", "name": "Nabisco Ritz Crackers Hint of Salt", "cnid": "2594", "productId": "6237", "size": "15.1 oz box"},
{"thumb": "http://i4.peapod.com/c/KK/KKNHZ.gif", "price": "329", "unit_price": "$.24/ oz", "name": "Nabisco Ritz Crackers Reduced Fat", "cnid": "2594", "productId": "33533", "size": "13.7 oz box"},
{"thumb": "http://i4.peapod.com/c/KK/KKNHZ.gif", "price": "329", "unit_price": "$.22/ oz", "name": "Nabisco Ritz Crackers Roasted Vegetable", "cnid": "2594", "productId": "141677", "size": "14.6 oz box"},
{"thumb": "http://i4.peapod.com/c/KK/KKNHZ.gif", "price": "329", "unit_price": "$.23/ oz", "name": "Nabisco Ritz Crackers Whole Wheat", "cnid": "2594", "productId": "19680", "size": "14.2 oz box"},
{"thumb": "http://i4.peapod.com/c/KK/KKNHZ.gif", "price": "300", "unit_price": "$.37/ oz", "name": "Nabisco Ritz Toasted Chips Main Street Original", "cnid": "2594", "productId": "132096", "size": "8.1 oz pkg"},
{"thumb": "http://i4.peapod.com/c/KK/KKNHZ.gif", "price": "300", "unit_price": "$.37/ oz", "name": "Nabisco Ritz Toasted Chips Sour Cream & Onion", "cnid": "2594", "productId": "132094", "size": "8.1 oz pkg"},
{"thumb": "http://i4.peapod.com/c/KK/KKNHZ.gif", "price": "299", "unit_price": "$.77/ oz", "name": "Nabisco SnackWell's Cookies Chocolate Chip Fudge Drizzled - 5 pk", "cnid": "2594", "productId": "162601", "size": "3.9 oz box"},
{"thumb": "http://i4.peapod.com/c/KK/KKNHZ.gif", "price": "299", "unit_price": "$.77/ oz", "name": "Nabisco SnackWell's Cookies Double Chocolate Chip Fudge Drizzled - 5 pk", "cnid": "2594", "productId": "162800", "size": "3.9 oz box"},
{"thumb": "http://i4.peapod.com/c/KK/KKNHZ.gif", "price": "299", "unit_price": "$.81/ oz", "name": "Nabisco SnackWell's Fudge Petites Shortbread Fudge - 5 pk", "cnid": "2594", "productId": "162599", "size": "3.7 oz box"},
{"thumb": "http://i4.peapod.com/c/KK/KKNHZ.gif", "price": "549", "unit_price": "$.27/ oz", "name": "Nabisco SnackWell's Sandwich Cookies Creme Vanilla - 12 pk", "cnid": "2594", "productId": "80876", "size": "20.4 oz pkg"},
{"thumb": "http://i4.peapod.com/c/KK/KKNHZ.gif", "price": "299", "unit_price": "$.40/ oz", "name": "Nabisco Sociables Crackers", "cnid": "2594", "productId": "26904", "size": "7.5 oz box"},
{"thumb": "http://i4.peapod.com/c/KK/KKNHZ.gif", "price": "499", "unit_price": "$.40/ oz", "name": "Nabisco Social Tea Biscuits", "cnid": "2594", "productId": "71848", "size": "12.3 oz box"},
{"thumb": "http://i4.peapod.com/c/KK/KKNHZ.gif", "price": "250", "unit_price": "$.25/ oz", "name": "Nabisco Teddy Grahams Chocolate", "cnid": "2594", "productId": "6242", "size": "10 oz box"},
{"thumb": "http://i4.peapod.com/c/KK/KKNHZ.gif", "price": "250", "unit_price": "$.25/ oz", "name": "Nabisco Teddy Grahams Chocolatey Chip", "cnid": "2594", "productId": "105426", "size": "10 oz box"},
{"thumb": "http://i4.peapod.com/c/KK/KKNHZ.gif", "price": "250", "unit_price": "$.25/ oz", "name": "Nabisco Teddy Grahams Honey", "cnid": "2594", "productId": "6243", "size": "10 oz box"},
{"thumb": "http://i4.peapod.com/c/KK/KKNHZ.gif", "price": "549", "unit_price": "$.46/ oz", "name": "Nabisco Teddy Grahams Snack Packs Variety Pack - 12 pk", "cnid": "2594", "productId": "116198", "size": "12 oz pkg"},
{"thumb": "http://i4.peapod.com/c/KK/KKNHZ.gif", "price": "299", "unit_price": "$.37/ oz", "name": "Nabisco Triscuit Crackers Baked 100% Whole Grain Wheat Reduced Fat", "cnid": "2594", "productId": "26000", "size": "8 oz box"},
{"thumb": "http://i4.peapod.com/c/KK/KKNHZ.gif", "price": "299", "unit_price": "$.33/ oz", "name": "Nabisco Triscuit Crackers Baked Whole Grain Wheat Cracked Pepper/Olive Oil", "cnid": "2594", "productId": "143260", "size": "9 oz box"},
{"thumb": "http://i4.peapod.com/c/KK/KKNHZ.gif", "price": "299", "unit_price": "$.33/ oz", "name": "Nabisco Triscuit Crackers Baked Whole Grain Wheat Hint of Salt", "cnid": "2594", "productId": "12909", "size": "9 oz box"},
{"thumb": "http://i4.peapod.com/c/KK/KKNHZ.gif", "price": "299", "unit_price": "$.33/ oz", "name": "Nabisco Triscuit Crackers Baked Whole Grain Wheat Original", "cnid": "2594", "productId": "6178", "size": "9 oz box"},
{"thumb": "http://i4.peapod.com/c/KK/KKNHZ.gif", "price": "399", "unit_price": "$.31/ oz", "name": "Nabisco Triscuit Crackers Baked Whole Grain Wheat Original Family Size", "cnid": "2594", "productId": "6181", "size": "13 oz box"},
{"thumb": "http://i4.peapod.com/c/KK/KKNHZ.gif", "price": "399", "unit_price": "$.33/ oz", "name": "Nabisco Triscuit Crackers Baked Whole Grain Wheat Reduced Fat Family Size", "cnid": "2594", "productId": "129227", "size": "12 oz box"},
{"thumb": "http://i4.peapod.com/c/KK/KKNHZ.gif", "price": "299", "unit_price": "$.33/ oz", "name": "Nabisco Triscuit Crackers Baked Whole Grain Wheat Roasted Garlic", "cnid": "2594", "productId": "126079", "size": "9 oz box"},
{"thumb": "http://i4.peapod.com/c/KK/KKNHZ.gif", "price": "299", "unit_price": "$.33/ oz", "name": "Nabisco Triscuit Crackers Baked Whole Grain Wheat Rosemary & Olive Oil", "cnid": "2594", "productId": "140140", "size": "9 oz box"},
{"thumb": "http://i4.peapod.com/c/KK/KKNHZ.gif", "price": "299", "unit_price": "$.39/ oz", "name": "Nabisco Triscuit Thin Crisps Crackers 100% Whole Grain Wheat Original", "cnid": "2594", "productId": "79279", "size": "7.6 oz box"},
{"thumb": "http://i4.peapod.com/c/KK/KKNHZ.gif", "price": "299", "unit_price": "$.33/ oz", "name": "Nabisco Wheat Thins", "cnid": "2594", "productId": "6175", "size": "9.1 oz box"},
{"thumb": "http://i4.peapod.com/c/KK/KKNHZ.gif", "price": "299", "unit_price": "$.37/ oz", "name": "Nabisco Wheat Thins Big", "cnid": "2594", "productId": "120959", "size": "8 oz box"},
{"thumb": "http://i4.peapod.com/c/KK/KKNHZ.gif", "price": "299", "unit_price": "$.37/ oz", "name": "Nabisco Wheat Thins Cheese Crunch", "cnid": "2594", "productId": "188745", "size": "8 oz box"},
{"thumb": "http://i4.peapod.com/c/KK/KKNHZ.gif", "price": "299", "unit_price": "$.37/ oz", "name": "Nabisco Wheat Thins Crunch Stix Honey Wheat", "cnid": "2594", "productId": "161852", "size": "8 oz pkg"},
{"thumb": "http://i4.peapod.com/c/KK/KKNHZ.gif", "price": "299", "unit_price": "$.43/ oz", "name": "Nabisco Wheat Thins Fiber Selects Garden Vegetable", "cnid": "2594", "productId": "13123", "size": "7 oz box"},
{"thumb": "http://i4.peapod.com/c/KK/KKNHZ.gif", "price": "299", "unit_price": "$.54/ oz", "name": "Nabisco Wheat Thins Flatbread Tuscan Herb", "cnid": "2594", "productId": "156273", "size": "5.5 oz box"},
{"thumb": "http://i4.peapod.com/c/KK/KKNHZ.gif", "price": "299", "unit_price": "$.33/ oz", "name": "Nabisco Wheat Thins Hint of Salt", "cnid": "2594", "productId": "6176", "size": "9.1 oz box"},
{"thumb": "http://i4.peapod.com/c/KK/KKNHZ.gif", "price": "299", "unit_price": "$.35/ oz", "name": "Nabisco Wheat Thins Multigrain", "cnid": "2594", "productId": "14978", "size": "8.5 oz box"},
{"thumb": "http://i4.peapod.com/c/KK/KKNHZ.gif", "price": "399", "unit_price": "$.25/ oz", "name": "Nabisco Wheat Thins Original Family Size", "cnid": "2594", "productId": "6184", "size": "16 oz box"},
{"thumb": "http://i4.peapod.com/c/KK/KKNHZ.gif", "price": "399", "unit_price": "$.28/ oz", "name": "Nabisco Wheat Thins Reduced Fat", "cnid": "2594", "productId": "69990", "size": "14.5 oz box"},
{"thumb": "http://i4.peapod.com/c/KK/KKNHZ.gif", "price": "299", "unit_price": "$.35/ oz", "name": "Nabisco Wheat Thins Reduced Fat", "cnid": "2594", "productId": "25999", "size": "8.5 oz box"},
{"thumb": "http://i4.peapod.com/c/KK/KKNHZ.gif", "price": "299", "unit_price": "$.33/ oz", "name": "Nabisco Wheat Thins Sun Dried Tomato & Basil", "cnid": "2594", "productId": "139204", "size": "9 oz box"},
{"thumb": "http://i4.peapod.com/c/KK/KKNHZ.gif", "price": "300", "unit_price": "$.37/ oz", "name": "Nabisco Wheat Thins Toasted Chips Veggie Garden Valley", "cnid": "2594", "productId": "140700", "size": "8.1 oz bag"},
{"thumb": "http://i4.peapod.com/c/KK/KKNHZ.gif", "price": "250", "unit_price": "$.31/ oz", "name": "Nature's Promise Organics Animal Cookies", "cnid": "2594", "productId": "147643", "size": "8 oz bag"},
{"thumb": "http://i4.peapod.com/c/KK/KKNHZ.gif", "price": "250", "unit_price": "$.31/ oz", "name": "Nature's Promise Organics Grahams Honey Bears", "cnid": "2594", "productId": "148936", "size": "8 oz bag"},
{"thumb": "http://i4.peapod.com/c/KK/KKNHZ.gif", "price": "369", "unit_price": "$.54/ oz", "name": "Nonni's Biscotti Cioccolati - 6 pk", "cnid": "2594", "productId": "106494", "size": "6.88 oz box"},
{"thumb": "http://i4.peapod.com/c/KK/KKNHZ.gif", "price": "369", "unit_price": "$.54/ oz", "name": "Nonni's Biscotti Decadence - 6 pk", "cnid": "2594", "productId": "116108", "size": "6.88 oz box"},
{"thumb": "http://i4.peapod.com/c/KK/KKNHZ.gif", "price": "249", "unit_price": "$.47/ oz", "name": "Old London Melba Snacks Sea Salt Whole Grain", "cnid": "2594", "productId": "4360", "size": "5.25 oz box"},
{"thumb": "http://i4.peapod.com/c/KK/KKNHZ.gif", "price": "249", "unit_price": "$.47/ oz", "name": "Old London Melba Snacks Sesame Whole Grain", "cnid": "2594", "productId": "4362", "size": "5.25 oz box"},
{"thumb": "http://i4.peapod.com/c/KK/KKNHZ.gif", "price": "249", "unit_price": "$.47/ oz", "name": "Old London Melba Snacks Whole Grain All Natural", "cnid": "2594", "productId": "4363", "size": "5.25 oz box"},
{"thumb": "http://i4.peapod.com/c/KK/KKNHZ.gif", "price": "219", "unit_price": "$.44/ oz", "name": "Old London Melba Toast Classic All Natural", "cnid": "2594", "productId": "90848", "size": "5 oz box"},
{"thumb": "http://i4.peapod.com/c/KK/KKNHZ.gif", "price": "249", "unit_price": "$.50/ oz", "name": "Old London Melba Toast Sesame Whole Grain", "cnid": "2594", "productId": "14448", "size": "5 oz box"},
{"thumb": "http://i4.peapod.com/c/KK/KKNHZ.gif", "price": "219", "unit_price": "$.44/ oz", "name": "Old London Melba Toast Whole Grain", "cnid": "2594", "productId": "90847", "size": "5 oz box"},
{"thumb": "http://i4.peapod.com/c/KK/KKNHZ.gif", "price": "329", "unit_price": "$.88/ oz", "name": "Pepperidge Farm 100 Calorie Pouches Goldfish Crackers Cheddar - 5 ct", "cnid": "2594", "productId": "140661", "size": "3.75 oz box"},
{"thumb": "http://i4.peapod.com/c/KK/KKNHZ.gif", "price": "329", "unit_price": "$.91/ oz", "name": "Pepperidge Farm 100 Calorie Pouches Goldfish Crackers Extra Cheddar - 5 ct", "cnid": "2594", "productId": "22698", "size": "3.6 oz box"},
{"thumb": "http://i4.peapod.com/c/KK/KKNHZ.gif", "price": "329", "unit_price": "$1.01/ oz", "name": "Pepperidge Farm 100 Calorie Pouches Milano Cookies - 5 pk", "cnid": "2594", "productId": "154377", "size": "3.25 oz box"},
{"thumb": "http://i4.peapod.com/c/KK/KKNHZ.gif", "price": "299", "unit_price": "$.43/ oz", "name": "Pepperidge Farm Baked Naturals Wheat Crisps Toasted Wheat", "cnid": "2594", "productId": "147268", "size": "7 oz box"},
{"thumb": "http://i4.peapod.com/c/KK/KKNHZ.gif", "price": "549", "unit_price": "$.35/ oz", "name": "Pepperidge Farm Cookies Nantucket Chocolate Chunk Mini - 9 pk", "cnid": "2594", "productId": "116189", "size": "15.7 oz pkg"},
{"thumb": "http://i4.peapod.com/c/KK/KKNHZ.gif", "price": "359", "unit_price": "$.28/ oz", "name": "Pepperidge Farm Entertaining Collection Cracker Quartet", "cnid": "2594", "productId": "18971", "size": "13 oz box"},
{"thumb": "http://i4.peapod.com/c/KK/KKNHZ.gif", "price": "329", "unit_price": "$.34/ oz", "name": "Pepperidge Farm Entertaining Crackers Butter Thins", "cnid": "2594", "productId": "803", "size": "9.75 oz box"},
{"thumb": "http://i4.peapod.com/c/KK/KKNHZ.gif", "price": "249", "unit_price": "$.38/ oz", "name": "Pepperidge Farm Flavor Blasted Goldfish Baked Crackers Xtra Cheddar", "cnid": "2594", "productId": "87844", "size": "6.6 oz bag"},
{"thumb": "http://i4.peapod.com/c/KK/KKNHZ.gif", "price": "899", "unit_price": "$.30/ oz", "name": "Pepperidge Farm Flavor Blasted Goldfish Baked Crackers Xtra Cheddar", "cnid": "2594", "productId": "149236", "size": "30 oz ctn"},
{"thumb": "http://i4.peapod.com/c/KK/KKNHZ.gif", "price": "549", "unit_price": "$.68/ oz", "name": "Pepperidge Farm Flavor Blasted Goldfish Baked Crackers Xtra Cheddar - 9 ct", "cnid": "2594", "productId": "159904", "size": "8.1 oz pkg"},
{"thumb": "http://i4.peapod.com/c/KK/KKNHZ.gif", "price": "899", "unit_price": "$.30/ oz", "name": "Pepperidge Farm Goldfish Baked Snack Crackers Colors Cheddar", "cnid": "2594", "productId": "135724", "size": "30 oz ctn"},
{"thumb": "http://i4.peapod.com/c/KK/KKNHZ.gif", "price": "899", "unit_price": "$.30/ oz", "name": "Pepperidge Farm Goldfish Crackers Cheddar Cheese", "cnid": "2594", "productId": "29331", "size": "30 oz ctn"},
{"thumb": "http://i4.peapod.com/c/KK/KKNHZ.gif", "price": "249", "unit_price": "$.38/ oz", "name": "Pepperidge Farm Goldfish Crackers Cheddar Cheese", "cnid": "2594", "productId": "793", "size": "6.6 oz bag"},
{"thumb": "http://i4.peapod.com/c/KK/KKNHZ.gif", "price": "899", "unit_price": "$.30/ oz", "name": "Pepperidge Farm Goldfish Crackers Cheddar Cheese Whole Grain", "cnid": "2594", "productId": "145393", "size": "30 oz ctn"},
{"thumb": "http://i4.peapod.com/c/KK/KKNHZ.gif", "price": "249", "unit_price": "$.38/ oz", "name": "Pepperidge Farm Goldfish Crackers Cheddar Made with Whole Grain", "cnid": "2594", "productId": "139493", "size": "6.6 oz bag"},
{"thumb": "http://i4.peapod.com/c/KK/KKNHZ.gif", "price": "249", "unit_price": "$.38/ oz", "name": "Pepperidge Farm Goldfish Crackers Colors Cheddar", "cnid": "2594", "productId": "130865", "size": "6.6 oz bag"},
{"thumb": "http://i4.peapod.com/c/KK/KKNHZ.gif", "price": "549", "unit_price": "$.68/ oz", "name": "Pepperidge Farm Goldfish Crackers Colors Cheddar - 9 ct", "cnid": "2594", "productId": "159903", "size": "8.1 oz pkg"},
{"thumb": "http://i4.peapod.com/c/KK/KKNHZ.gif", "price": "249", "unit_price": "$.38/ oz", "name": "Pepperidge Farm Goldfish Crackers Extra Pizza", "cnid": "2594", "productId": "87846", "size": "6.6 oz pkg"},
{"thumb": "http://i4.peapod.com/c/KK/KKNHZ.gif", "price": "249", "unit_price": "$.38/ oz", "name": "Pepperidge Farm Goldfish Crackers Original Natural", "cnid": "2594", "productId": "795", "size": "6.6 oz bag"},
{"thumb": "http://i4.peapod.com/c/KK/KKNHZ.gif", "price": "249", "unit_price": "$.38/ oz", "name": "Pepperidge Farm Goldfish Crackers Parmesan", "cnid": "2594", "productId": "794", "size": "6.6 oz bag"},
{"thumb": "http://i4.peapod.com/c/KK/KKNHZ.gif", "price": "249", "unit_price": "$.38/ oz", "name": "Pepperidge Farm Goldfish Crackers Pizza", "cnid": "2594", "productId": "796", "size": "6.6 oz bag"},
{"thumb": "http://i4.peapod.com/c/KK/KKNHZ.gif", "price": "249", "unit_price": "$.38/ oz", "name": "Pepperidge Farm Goldfish Crackers S'Mores Adventures", "cnid": "2594", "productId": "156741", "size": "6.6 oz bag"},
{"thumb": "http://i4.peapod.com/c/KK/KKNHZ.gif", "price": "549", "unit_price": "$.61/ oz", "name": "Pepperidge Farm Goldfish Crackers Snack Packs Cheddar Cheese - 9 ct", "cnid": "2594", "productId": "150393", "size": "9 oz pkg"},
{"thumb": "http://i4.peapod.com/c/KK/KKNHZ.gif", "price": "549", "unit_price": "$.51/ oz", "name": "Pepperidge Farm On The Go Cookies Milano - 9 pk", "cnid": "2594", "productId": "116188", "size": "10.8 oz pkg"},
{"thumb": "http://i4.peapod.com/c/KK/KKNHZ.gif", "price": "599", "unit_price": "$.73/ oz", "name": "Pirate Brands Smart Puffs Real Wisconsin Cheddar All Natural - 6 pk", "cnid": "2594", "productId": "155662", "size": "8.25 oz pkg"},
{"thumb": "http://i4.peapod.com/c/KK/KKNHZ.gif", "price": "335", "unit_price": "$.62/ oz", "name": "Pringles Potato Crisps Original Snack Stacks - 8 pk", "cnid": "2594", "productId": "137872", "size": "5.36 oz pkg"},
{"thumb": "http://i4.peapod.com/c/KK/KKNHZ.gif", "price": "269", "unit_price": "$.60/ oz", "name": "Quaker Corn Cakes Fat Free Butter Popped", "cnid": "2594", "productId": "2905", "size": "4.5 oz bag"},
{"thumb": "http://i4.peapod.com/c/KK/KKNHZ.gif", "price": "219", "unit_price": "$.62/ oz", "name": "Quaker Quakes Rice Snacks Apple Cinnamon", "cnid": "2594", "productId": "23201", "size": "3.52 oz bag"},
{"thumb": "http://i4.peapod.com/c/KK/KKNHZ.gif", "price": "219", "unit_price": "$.62/ oz", "name": "Quaker Quakes Rice Snacks Caramel Corn", "cnid": "2594", "productId": "23199", "size": "3.52 oz bag"},
{"thumb": "http://i4.peapod.com/c/KK/KKNHZ.gif", "price": "329", "unit_price": "$.47/ oz", "name": "Quaker Quakes Rice Snacks Caramel Corn", "cnid": "2594", "productId": "125251", "size": "7.04 oz bag"},
{"thumb": "http://i4.peapod.com/c/KK/KKNHZ.gif", "price": "200", "unit_price": "$.66/ oz", "name": "Quaker Quakes Rice Snacks Cheddar Cheese", "cnid": "2594", "productId": "33685", "size": "3.03 oz bag"},
{"thumb": "http://i4.peapod.com/c/KK/KKNHZ.gif", "price": "329", "unit_price": "$.54/ oz", "name": "Quaker Quakes Rice Snacks Cheddar Cheese", "cnid": "2594", "productId": "125540", "size": "6.06 oz bag"},
{"thumb": "http://i4.peapod.com/c/KK/KKNHZ.gif", "price": "219", "unit_price": "$.62/ oz", "name": "Quaker Quakes Rice Snacks Chocolate", "cnid": "2594", "productId": "48098", "size": "3.52 oz bag"},
{"thumb": "http://i4.peapod.com/c/KK/KKNHZ.gif", "price": "329", "unit_price": "$.54/ oz", "name": "Quaker Quakes Rice Snacks Ranch", "cnid": "2594", "productId": "148615", "size": "6.06 oz pkg"},
{"thumb": "http://i4.peapod.com/c/KK/KKNHZ.gif", "price": "219", "unit_price": "$.72/ oz", "name": "Quaker Quakes Rice Snacks Ranch", "cnid": "2594", "productId": "114192", "size": "3.03 oz bag"},
{"thumb": "http://i4.peapod.com/c/KK/KKNHZ.gif", "price": "219", "unit_price": "$.72/ oz", "name": "Quaker Quakes Rice Snacks Sour Cream & Onion", "cnid": "2594", "productId": "125250", "size": "3.03 oz bag"},
{"thumb": "http://i4.peapod.com/c/KK/KKNHZ.gif", "price": "269", "unit_price": "$.41/ oz", "name": "Quaker Rice Cakes Caramel Corn", "cnid": "2594", "productId": "43121", "size": "6.56 oz bag"},
{"thumb": "http://i4.peapod.com/c/KK/KKNHZ.gif", "price": "269", "unit_price": "$.37/ oz", "name": "Quaker Rice Cakes Chocolate Crunch", "cnid": "2594", "productId": "48100", "size": "7.23 oz pkg"},
{"thumb": "http://i4.peapod.com/c/KK/KKNHZ.gif", "price": "269", "unit_price": "$.41/ oz", "name": "Quaker Rice Cakes Fat Free Apple Cinnamon", "cnid": "2594", "productId": "2898", "size": "6.52 oz pkg"},
{"thumb": "http://i4.peapod.com/c/KK/KKNHZ.gif", "price": "269", "unit_price": "$.60/ oz", "name": "Quaker Rice Cakes Fat Free Lightly Salted", "cnid": "2594", "productId": "2899", "size": "4.5 oz bag"},
{"thumb": "http://i4.peapod.com/c/KK/KKNHZ.gif", "price": "269", "unit_price": "$.49/ oz", "name": "Quaker Rice Cakes White Cheddar", "cnid": "2594", "productId": "2902", "size": "5.46 oz bag"},
{"thumb": "http://i4.peapod.com/c/KK/KKNHZ.gif", "price": "219", "unit_price": "$.63/ oz", "name": "Quaker True Delights Multigrain Fiber Crisps Wild Blueberry Flavor", "cnid": "2594", "productId": "163882", "size": "3.5 oz bag"},
{"thumb": "http://i4.peapod.com/c/KK/KKNHZ.gif", "price": "469", "unit_price": "$.49/ oz", "name": "Back to Nature Cookies Crispy Oatmeal", "cnid": "2581", "productId": "156122", "size": "9.5 oz box"},
{"thumb": "http://i4.peapod.com/c/KK/KKNHZ.gif", "price": "499", "unit_price": "$.62/ oz", "name": "Back to Nature Graham Sticks Honey - 8 pk", "cnid": "2581", "productId": "156330", "size": "8 oz pkg"},
{"thumb": "http://i4.peapod.com/c/KK/KKNHZ.gif", "price": "329", "unit_price": "$.73/ oz", "name": "Barry's Bakery French Twist Puff Pastry Cookies Raspberry Non-Dairy", "cnid": "2581", "productId": "127154", "size": "4.5 oz pkg"},
{"thumb": "http://i4.peapod.com/c/KK/KKNHZ.gif", "price": "329", "unit_price": "$.73/ oz", "name": "Barry's Bakery French Twists Low Fat Maple French Toast Cinnamony Taste", "cnid": "2581", "productId": "127155", "size": "4.5 oz box"},
{"thumb": "http://i4.peapod.com/c/KK/KKNHZ.gif", "price": "329", "unit_price": "$.73/ oz", "name": "Barry's Bakery French Twists Low Fat Original with Sweet Cinnamony Taste", "cnid": "2581", "productId": "127153", "size": "4.5 oz box"},
{"thumb": "http://i4.peapod.com/c/KK/KKNHZ.gif", "price": "399", "unit_price": "$.67/ oz", "name": "Cape Cod Kettle Cooked Potato Chips 40% Reduced Fat Lunch Packs - 8 pk", "cnid": "2581", "productId": "141219", "size": "6 oz bag"},
{"thumb": "http://i4.peapod.com/c/KK/KKNHZ.gif", "price": "399", "unit_price": "$.50/ oz", "name": "Cape Cod Kettle Cooked Potato Chips Lunch Packs All Natural - 8 pk", "cnid": "2581", "productId": "62254", "size": "8 oz pkg"},
{"thumb": "http://i4.peapod.com/c/KK/KKNHZ.gif", "price": "429", "unit_price": "$.36/ oz", "name": "Cheetos 12-Sack Cheese Crunchy", "cnid": "2581", "productId": "111133", "size": "12 oz bag"},
{"thumb": "http://i4.peapod.com/c/KK/KKNHZ.gif", "price": "419", "unit_price": "$.35/ oz", "name": "Entenmann's Cookies Chocolate Chip Original Recipe", "cnid": "2581", "productId": "8574", "size": "12 oz box"},
{"thumb": "http://i4.peapod.com/c/KK/KKNHZ.gif", "price": "379", "unit_price": "$.31/ oz", "name": "Famous Amos Cookies Chocolate Chip", "cnid": "2581", "productId": "20034", "size": "12.4 oz box"},
{"thumb": "http://i4.peapod.com/c/KK/KKNHZ.gif", "price": "499", "unit_price": "$.30/ oz", "name": "Famous Amos Cookies Chocolate Chip - 12 pk", "cnid": "2581", "productId": "133570", "size": "16.8 oz box"},
{"thumb": "http://i4.peapod.com/c/KK/KKNHZ.gif", "price": "209", "unit_price": "$.60/ oz", "name": "Fifty 50 Creme Wafers Vanilla", "cnid": "2581", "productId": "84335", "size": "3.5 oz pkg"},
{"thumb": "http://i4.peapod.com/c/KK/KKNHZ.gif", "price": "799", "unit_price": "$.40/ oz", "name": "Frito-Lay Variety Pack Classic Mix - 20 pk", "cnid": "2581", "productId": "86591", "size": "20 oz pkg"},
{"thumb": "http://i4.peapod.com/c/KK/KKNHZ.gif", "price": "799", "unit_price": "$.40/ oz", "name": "Frito-Lay Variety Pack Flavor Mix - 20 pk", "cnid": "2581", "productId": "141982", "size": "20 oz pkg"},
{"thumb": "http://i4.peapod.com/c/KK/KKNHZ.gif", "price": "799", "unit_price": "$.44/ oz", "name": "Frito-Lay Variety Pack Smart Mix Baked Snacks - 20 pk", "cnid": "2581", "productId": "145094", "size": "18 oz pkg"},
{"thumb": "http://i4.peapod.com/c/KK/KKNHZ.gif", "price": "429", "unit_price": "$.41/ oz", "name": "Glutino Dream Cookies Chocolate Vanilla Creme Gluten Free", "cnid": "2581", "productId": "177845", "size": "10.6 oz pkg"},
{"thumb": "http://i4.peapod.com/c/KK/KKNHZ.gif", "price": "275", "unit_price": "$.39/ oz", "name": "Goya Lady Fingers", "cnid": "2581", "productId": "157588", "size": "7 oz pkg"},
{"thumb": "http://i4.peapod.com/c/KK/KKNHZ.gif", "price": "150", "unit_price": "$.10/ oz", "name": "Guaranteed Value Graham Crackers Honey", "cnid": "2581", "productId": "173830", "size": "14.4 oz box"},
{"thumb": "http://i4.peapod.com/c/KK/KKNHZ.gif", "price": "50", "unit_price": "$.12/ oz", "name": "Kedem Tea Biscuits", "cnid": "2581", "productId": "39260", "size": "4.2 oz pkg"},
{"thumb": "http://i4.peapod.com/c/KK/KKNHZ.gif", "price": "50", "unit_price": "$.12/ oz", "name": "Kedem Tea Biscuits Chocolate", "cnid": "2581", "productId": "153701", "size": "4.2 oz pkg"},
{"thumb": "http://i4.peapod.com/c/KK/KKNHZ.gif", "price": "50", "unit_price": "$.12/ oz", "name": "Kedem Tea Biscuits Orange Flavor", "cnid": "2581", "productId": "162219", "size": "4.2 oz pkg"},
{"thumb": "http://i4.peapod.com/c/KK/KKNHZ.gif", "price": "50", "unit_price": "$.12/ oz", "name": "Kedem Tea Biscuits Vanilla", "cnid": "2581", "productId": "83346", "size": "4.2 oz pkg"},
{"thumb": "http://i4.peapod.com/c/KK/KKNHZ.gif", "price": "379", "unit_price": "$.29/ oz", "name": "Keebler Animals Cookies Iced", "cnid": "2581", "productId": "54230", "size": "13 oz bag"},
{"thumb": "http://i4.peapod.com/c/KK/KKNHZ.gif", "price": "379", "unit_price": "$.28/ oz", "name": "Keebler Chips Deluxe Cookies Chocolate Lovers", "cnid": "2581", "productId": "24451", "size": "13.3 oz pkg"},
{"thumb": "http://i4.peapod.com/c/KK/KKNHZ.gif", "price": "379", "unit_price": "$.27/ oz", "name": "Keebler Chips Deluxe Cookies Original", "cnid": "2581", "productId": "2949", "size": "14.2 oz pkg"},
{"thumb": "http://i4.peapod.com/c/KK/KKNHZ.gif", "price": "379", "unit_price": "$.28/ oz", "name": "Keebler Chips Deluxe Cookies Peanut Butter Cup", "cnid": "2581", "productId": "78462", "size": "13.3 oz pkg"},
{"thumb": "http://i4.peapod.com/c/KK/KKNHZ.gif", "price": "379", "unit_price": "$.26/ oz", "name": "Keebler Chips Deluxe Cookies Rainbow", "cnid": "2581", "productId": "2965", "size": "14.5 oz pkg"},
{"thumb": "http://i4.peapod.com/c/KK/KKNHZ.gif", "price": "300", "unit_price": "$.35/ oz", "name": "Keebler Cookies Coconut Dreams Fudge, Caramel & Coconut", "cnid": "2581", "productId": "159164", "size": "8.5 oz pkg"},
{"thumb": "http://i4.peapod.com/c/KK/KKNHZ.gif", "price": "300", "unit_price": "$.35/ oz", "name": "Keebler Cookies Fudge Sticks Original", "cnid": "2581", "productId": "2924", "size": "8.5 oz pkg"},
{"thumb": "http://i4.peapod.com/c/KK/KKNHZ.gif", "price": "300", "unit_price": "$.26/ oz", "name": "Keebler Cookies Fudge Stripes Original", "cnid": "2581", "productId": "2918", "size": "11.5 oz pkg"},
{"thumb": "http://i4.peapod.com/c/KK/KKNHZ.gif", "price": "499", "unit_price": "$.30/ oz", "name": "Keebler Cookies Fudge Stripes Original Mini - 12 pk", "cnid": "2581", "productId": "133567", "size": "16.8 oz box"},
{"thumb": "http://i4.peapod.com/c/KK/KKNHZ.gif", "price": "300", "unit_price": "$.30/ oz", "name": "Keebler Cookies Grasshopper Fudge Mint", "cnid": "2581", "productId": "2963", "size": "10 oz pkg"},
{"thumb": "http://i4.peapod.com/c/KK/KKNHZ.gif", "price": "379", "unit_price": "$.29/ oz", "name": "Keebler Country Style Cookies Oatmeal with Raisins", "cnid": "2581", "productId": "102840", "size": "13 oz pkg"},
{"thumb": "http://i4.peapod.com/c/KK/KKNHZ.gif", "price": "300", "unit_price": "$.24/ oz", "name": "Keebler Deluxe Grahams Fudge Covered Graham Crackers", "cnid": "2581", "productId": "2912", "size": "12.5 oz pkg"},
{"thumb": "http://i4.peapod.com/c/KK/KKNHZ.gif", "price": "379", "unit_price": "$.25/ oz", "name": "Keebler E.L.Fudge Sandwich Cookies Butter with Fudge Creme Filling", "cnid": "2581", "productId": "50701", "size": "15 oz pkg"},
{"thumb": "http://i4.peapod.com/c/KK/KKNHZ.gif", "price": "300", "unit_price": "$.32/ oz", "name": "Keebler Fudge Shoppe Cookies Peanut Butter Filled", "cnid": "2581", "productId": "138030", "size": "9.5 oz pkg"},
{"thumb": "http://i4.peapod.com/c/KK/KKNHZ.gif", "price": "300", "unit_price": "$.46/ oz", "name": "Keebler Fudge Sticks Original Jumbo - 6 pk", "cnid": "2581", "productId": "161835", "size": "6.6 oz box"},
{"thumb": "http://i4.peapod.com/c/KK/KKNHZ.gif", "price": "449", "unit_price": "$.30/ oz", "name": "Keebler Graham Crackers Original", "cnid": "2581", "productId": "2913", "size": "15 oz box"},
{"thumb": "http://i4.peapod.com/c/KK/KKNHZ.gif", "price": "300", "unit_price": "$.68/ oz", "name": "Keebler Right Bites 100 Calorie Packs Cookies Chips Deluxe - 6 pk", "cnid": "2581", "productId": "138031", "size": "4.44 oz box"},
{"thumb": "http://i4.peapod.com/c/KK/KKNHZ.gif", "price": "300", "unit_price": "$.71/ oz", "name": "Keebler Right Bites 100 Calorie Packs Cookies Fudge Grahams - 6 pk", "cnid": "2581", "productId": "151541", "size": "4.24 oz box"},
{"thumb": "http://i4.peapod.com/c/KK/KKNHZ.gif", "price": "300", "unit_price": "$.68/ oz", "name": "Keebler Right Bites 100 Calorie Packs Cookies Fudge Stripes Mini - 6 pk", "cnid": "2581", "productId": "140589", "size": "4.44 oz box"},
{"thumb": "http://i4.peapod.com/c/KK/KKNHZ.gif", "price": "499", "unit_price": "$.57/ oz", "name": "Keebler Right Bites 100 Cal Variety Packs (Fudge Shoppe/Cheez-It) 12 pk", "cnid": "2581", "productId": "145754", "size": "8.8 oz box"},
{"thumb": "http://i4.peapod.com/c/KK/KKNHZ.gif", "price": "379", "unit_price": "$.29/ oz", "name": "Keebler Sandies Cookies Shortbread Pecan", "cnid": "2581", "productId": "2944", "size": "13 oz pkg"},
{"thumb": "http://i4.peapod.com/c/KK/KKNHZ.gif", "price": "379", "unit_price": "$.30/ oz", "name": "Keebler Sandies Cookies Simply Shortbread", "cnid": "2581", "productId": "44601", "size": "12.8 oz pkg"},
{"thumb": "http://i4.peapod.com/c/KK/KKNHZ.gif", "price": "250", "unit_price": "$.23/ oz", "name": "Keebler Sandwich Crackers PB'n J - 8 pk", "cnid": "2581", "productId": "159104", "size": "11 oz pkg"},
{"thumb": "http://i4.peapod.com/c/KK/KKNHZ.gif", "price": "379", "unit_price": "$.25/ oz", "name": "Keebler Soft Batch Cookies Chocolate Chip", "cnid": "2581", "productId": "2962", "size": "15 oz pkg"},
{"thumb": "http://i4.peapod.com/c/KK/KKNHZ.gif", "price": "499", "unit_price": "$.31/ oz", "name": "Keebler Variety Crackers & Cookies Snack Packs - 12 pk", "cnid": "2581", "productId": "133568", "size": "16.2 oz box"},
{"thumb": "http://i4.peapod.com/c/KK/KKNHZ.gif", "price": "499", "unit_price": "$.45/ oz", "name": "Keebler Variety Snack Packs Grahams, Rice Krispies & Bug Bites - 12 pk", "cnid": "2581", "productId": "143591", "size": "11 oz box"},
{"thumb": "http://i4.peapod.com/c/KK/KKNHZ.gif", "price": "300", "unit_price": "$.21/ oz", "name": "Keebler Vienna Fingers Sandwich Cookies Creme Filled", "cnid": "2581", "productId": "101972", "size": "14.2 oz pkg"},
{"thumb": "http://i4.peapod.com/c/KK/KKNHZ.gif", "price": "300", "unit_price": "$.21/ oz", "name": "Keebler Vienna Fingers Sandwich Cookies Creme Filled Reduced Fat", "cnid": "2581", "productId": "112851", "size": "14.2 oz pkg"},
{"thumb": "http://i4.peapod.com/c/KK/KKNHZ.gif", "price": "359", "unit_price": "$.41/ oz", "name": "Lotus Biscoff Cookies", "cnid": "2581", "productId": "165050", "size": "8.8 oz pkg"},
{"thumb": "http://i4.peapod.com/c/KK/KKNHZ.gif", "price": "250", "unit_price": "$.27/ oz", "name": "LU Le Bastogne Biscuits Cinnamon Sugar Spice", "cnid": "2581", "productId": "139657", "size": "9.17 oz box"},
{"thumb": "http://i4.peapod.com/c/KK/KKNHZ.gif", "price": "250", "unit_price": "$.47/ oz", "name": "LU Le Chocolatier", "cnid": "2581", "productId": "39950", "size": "5.29 oz box"},
{"thumb": "http://i4.peapod.com/c/KK/KKNHZ.gif", "price": "250", "unit_price": "$.35/ oz", "name": "LU Le Petit Beurre Biscuits Pure Butter", "cnid": "2581", "productId": "1048", "size": "7.05 oz box"},
{"thumb": "http://i4.peapod.com/c/KK/KKNHZ.gif", "price": "300", "unit_price": "$.57/ oz", "name": "LU Le Petit Ecolier Biscuits Dark Chocolate", "cnid": "2581", "productId": "11474", "size": "5.29 oz box"},
{"thumb": "http://i4.peapod.com/c/KK/KKNHZ.gif", "price": "300", "unit_price": "$.57/ oz", "name": "LU Le Petit Ecolier Biscuits Extra Dark Chocolate", "cnid": "2581", "productId": "139555", "size": "5.29 oz box"},
{"thumb": "http://i4.peapod.com/c/KK/KKNHZ.gif", "price": "300", "unit_price": "$.57/ oz", "name": "LU Le Petit Ecolier Biscuits Milk Chocolate", "cnid": "2581", "productId": "98586", "size": "5.29 oz box"},
{"thumb": "http://i4.peapod.com/c/KK/KKNHZ.gif", "price": "250", "unit_price": "$.47/ oz", "name": "LU PiM's Biscuits Orange", "cnid": "2581", "productId": "22392", "size": "5.29 oz box"},
{"thumb": "http://i4.peapod.com/c/KK/KKNHZ.gif", "price": "329", "unit_price": "$.60/ oz", "name": "Murray Cookies Chocolate Chip Sugar Free", "cnid": "2581", "productId": "120818", "size": "5.5 oz pkg"},
{"thumb": "http://i4.peapod.com/c/KK/KKNHZ.gif", "price": "329", "unit_price": "$.60/ oz", "name": "Murray Cookies Oatmeal Sugar Free", "cnid": "2581", "productId": "123664", "size": "5.5 oz pkg"},
{"thumb": "http://i4.peapod.com/c/KK/KKNHZ.gif", "price": "329", "unit_price": "$.55/ oz", "name": "Murray Cookies Shortbread Sugar Free", "cnid": "2581", "productId": "79040", "size": "6 oz pkg"},
{"thumb": "http://i4.peapod.com/c/KK/KKNHZ.gif", "price": "329", "unit_price": "$.60/ oz", "name": "Murray Cookies Wafers Vanilla Fudge Dipped Sugar Free", "cnid": "2581", "productId": "129245", "size": "5.5 oz pkg"},
{"thumb": "http://i4.peapod.com/c/KK/KKNHZ.gif", "price": "329", "unit_price": "$.37/ oz", "name": "Murray Cookies Wafer Vanilla Sugar Free", "cnid": "2581", "productId": "129945", "size": "9 oz pkg"},
{"thumb": "http://i4.peapod.com/c/KK/KKNHZ.gif", "price": "329", "unit_price": "$.51/ oz", "name": "Murray Sandwich Cookies Chocolate Creme Sugar Free", "cnid": "2581", "productId": "114975", "size": "6.5 oz pkg"},
{"thumb": "http://i4.peapod.com/c/KK/KKNHZ.gif", "price": "329", "unit_price": "$.51/ oz", "name": "Murray Sandwich Cookies Creme Sugar Free", "cnid": "2581", "productId": "79037", "size": "6.5 oz pkg"},
{"thumb": "http://i4.peapod.com/c/KK/KKNHZ.gif", "price": "329", "unit_price": "$.51/ oz", "name": "Murray Sandwich Cookies Lemon Sugar Free", "cnid": "2581", "productId": "79039", "size": "6.5 oz pkg"},
{"thumb": "http://i4.peapod.com/c/KK/KKNHZ.gif", "price": "299", "unit_price": "$.62/ oz", "name": "Nabisco 100 Cal Chips Ahoy! Thin Crisps - 6 pk", "cnid": "2581", "productId": "135068", "size": "4.8 oz box"},
{"thumb": "http://i4.peapod.com/c/KK/KKNHZ.gif", "price": "299", "unit_price": "$.67/ oz", "name": "Nabisco 100 Cal Lorna Doone Cookie Crisps Shortbread - 6 pk", "cnid": "2581", "productId": "143688", "size": "4.44 oz box"},
{"thumb": "http://i4.peapod.com/c/KK/KKNHZ.gif", "price": "299", "unit_price": "$.62/ oz", "name": "Nabisco 100 Cal Oreo Thin Crisps - 6 pk", "cnid": "2581", "productId": "135067", "size": "4.8 oz box"},
{"thumb": "http://i4.peapod.com/c/KK/KKNHZ.gif", "price": "179", "unit_price": "$.84/ oz", "name": "Nabisco Barnum's Animal Crackers", "cnid": "2581", "productId": "6193", "size": "2.12 oz box"},
{"thumb": "http://i4.peapod.com/c/KK/KKNHZ.gif", "price": "199", "unit_price": "$.25/ oz", "name": "Nabisco Barnum's Animal Crackers", "cnid": "2581", "productId": "125058", "size": "8 oz pkg"},
{"thumb": "http://i4.peapod.com/c/KK/KKNHZ.gif", "price": "300", "unit_price": "$.34/ oz", "name": "Nabisco belVita Breakfast Biscuits Chocolate - 5 pk", "cnid": "2581", "productId": "188746", "size": "8.81 oz box"},
{"thumb": "http://i4.peapod.com/c/KK/KKNHZ.gif", "price": "499", "unit_price": "$.59/ oz", "name": "Nabisco Biscos Sugar Wafers", "cnid": "2581", "productId": "6170", "size": "8.5 oz box"},
{"thumb": "http://i4.peapod.com/c/KK/KKNHZ.gif", "price": "250", "unit_price": "$.20/ oz", "name": "Nabisco Chips Ahoy! Cookies Candy Blasts", "cnid": "2581", "productId": "124026", "size": "12.4 oz pkg"},
{"thumb": "http://i4.peapod.com/c/KK/KKNHZ.gif", "price": "250", "unit_price": "$.19/ oz", "name": "Nabisco Chips Ahoy! Cookies Chocolate Chip Chewy", "cnid": "2581", "productId": "6235", "size": "13 oz pkg"},
{"thumb": "http://i4.peapod.com/c/KK/KKNHZ.gif", "price": "250", "unit_price": "$.21/ oz", "name": "Nabisco Chips Ahoy! Cookies Chocolate Chip Chunky", "cnid": "2581", "productId": "21250", "size": "11.7 oz pkg"},
{"thumb": "http://i4.peapod.com/c/KK/KKNHZ.gif", "price": "549", "unit_price": "$.46/ oz", "name": "Nabisco Chips Ahoy! Cookies Chocolate Chip Mini Snack Packs - 12 pk", "cnid": "2581", "productId": "115078", "size": "12 oz box"},
{"thumb": "http://i4.peapod.com/c/KK/KKNHZ.gif", "price": "250", "unit_price": "$.19/ oz", "name": "Nabisco Chips Ahoy! Cookies Chocolate Chip Original", "cnid": "2581", "productId": "6200", "size": "13 oz pkg"},
{"thumb": "http://i4.peapod.com/c/KK/KKNHZ.gif", "price": "250", "unit_price": "$.19/ oz", "name": "Nabisco Chips Ahoy! Cookies Chocolate Chip Reduced Fat", "cnid": "2581", "productId": "30549", "size": "13 oz pkg"},
{"thumb": "http://i4.peapod.com/c/KK/KKNHZ.gif", "price": "549", "unit_price": "$.33/ oz", "name": "Nabisco Chips Ahoy! Cookies Snack Packs - 12 pk", "cnid": "2581", "productId": "60672", "size": "16.7 oz pkg"},
{"thumb": "http://i4.peapod.com/c/KK/KKNHZ.gif", "price": "799", "unit_price": "$.40/ oz", "name": "Nabisco Cookies & Crackers Classic Mix Snack Packs Variety Pack - 20 pk", "cnid": "2581", "productId": "190993", "size": "20 oz box"},
{"thumb": "http://i4.peapod.com/c/KK/KKNHZ.gif", "price": "549", "unit_price": "$.26/ oz", "name": "Nabisco Cookies Chips Ahoy!, Nutter Butter, Oreo Variety Pack - 12 pk", "cnid": "2581", "productId": "114407", "size": "21.2 oz box"},
{"thumb": "http://i4.peapod.com/c/KK/KKNHZ.gif", "price": "499", "unit_price": "$.31/ oz", "name": "Nabisco Ginger Snaps", "cnid": "2581", "productId": "6192", "size": "16 oz box"},
{"thumb": "http://i4.peapod.com/c/KK/KKNHZ.gif", "price": "100", "unit_price": "$.29/ oz", "name": "Nabisco Go Packs Chips Ahoy! Cookies Chocolate Chip Mini", "cnid": "2581", "productId": "128932", "size": "3.5 oz ctn"},
{"thumb": "http://i4.peapod.com/c/KK/KKNHZ.gif", "price": "100", "unit_price": "$.36/ oz", "name": "Nabisco Go Packs Teddy Grahams Honey", "cnid": "2581", "productId": "158432", "size": "2.75 oz cup"},
{"thumb": "http://i4.peapod.com/c/KK/KKNHZ.gif", "price": "299", "unit_price": "$.21/ oz", "name": "Nabisco Graham Crackers", "cnid": "2581", "productId": "6189", "size": "14.4 oz box"},
{"thumb": "http://i4.peapod.com/c/KK/KKNHZ.gif", "price": "299", "unit_price": "$.25/ oz", "name": "Nabisco Honey Maid Fresh Stacks Grahams Honey - 6 pk", "cnid": "2581", "productId": "162627", "size": "12.2 oz pkg"},
{"thumb": "http://i4.peapod.com/c/KK/KKNHZ.gif", "price": "299", "unit_price": "$.21/ oz", "name": "Nabisco Honey Maid Grahams Chocolate", "cnid": "2581", "productId": "34587", "size": "14.4 oz box"},
{"thumb": "http://i4.peapod.com/c/KK/KKNHZ.gif", "price": "299", "unit_price": "$.21/ oz", "name": "Nabisco Honey Maid Grahams Cinnamon", "cnid": "2581", "productId": "6177", "size": "14.4 oz box"},
{"thumb": "http://i4.peapod.com/c/KK/KKNHZ.gif", "price": "299", "unit_price": "$.21/ oz", "name": "Nabisco Honey Maid Grahams Cinnamon Low Fat", "cnid": "2581", "productId": "44400", "size": "14.4 oz box"},
{"thumb": "http://i4.peapod.com/c/KK/KKNHZ.gif", "price": "299", "unit_price": "$.21/ oz", "name": "Nabisco Honey Maid Grahams Honey", "cnid": "2581", "productId": "6167", "size": "14.4 oz box"},
{"thumb": "http://i4.peapod.com/c/KK/KKNHZ.gif", "price": "299", "unit_price": "$.21/ oz", "name": "Nabisco Honey Maid Grahams Honey Low Fat", "cnid": "2581", "productId": "44366", "size": "14.4 oz box"},
{"thumb": "http://i4.peapod.com/c/KK/KKNHZ.gif", "price": "499", "unit_price": "$.50/ oz", "name": "Nabisco Lorna Doone Cookies Shortbread", "cnid": "2581", "productId": "6188", "size": "10 oz box"},
{"thumb": "http://i4.peapod.com/c/KK/KKNHZ.gif", "price": "399", "unit_price": "$.28/ oz", "name": "Nabisco Newtons Fig", "cnid": "2581", "productId": "6198", "size": "14 oz pkg"},
{"thumb": "http://i4.peapod.com/c/KK/KKNHZ.gif", "price": "399", "unit_price": "$.28/ oz", "name": "Nabisco Newtons Fig 100% Whole Grain", "cnid": "2581", "productId": "139478", "size": "14 oz pkg"},
{"thumb": "http://i4.peapod.com/c/KK/KKNHZ.gif", "price": "399", "unit_price": "$.33/ oz", "name": "Nabisco Newtons Fig Fat Free", "cnid": "2581", "productId": "12743", "size": "12 oz pkg"},
{"thumb": "http://i4.peapod.com/c/KK/KKNHZ.gif", "price": "399", "unit_price": "$.38/ oz", "name": "Nabisco Newtons Fruit Thins Blueberry Brown Sugar", "cnid": "2581", "productId": "162144", "size": "10.5 oz pkg"},
{"thumb": "http://i4.peapod.com/c/KK/KKNHZ.gif", "price": "399", "unit_price": "$.38/ oz", "name": "Nabisco Newtons Fruit Thins Cranberry Citrus Oat", "cnid": "2581", "productId": "163173", "size": "10.5 oz pkg"},
{"thumb": "http://i4.peapod.com/c/KK/KKNHZ.gif", "price": "399", "unit_price": "$.38/ oz", "name": "Nabisco Newtons Fruit Thins Lemon Crisp", "cnid": "2581", "productId": "188737", "size": "10.5 oz pkg"},
{"thumb": "http://i4.peapod.com/c/KK/KKNHZ.gif", "price": "399", "unit_price": "$.33/ oz", "name": "Nabisco Newtons Raspberry", "cnid": "2581", "productId": "19426", "size": "12 oz pkg"},
{"thumb": "http://i4.peapod.com/c/KK/KKNHZ.gif", "price": "549", "unit_price": "$.23/ oz", "name": "Nabisco Newtons Snack Packs Fig - 12 pk", "cnid": "2581", "productId": "40102", "size": "24 oz pkg"},
{"thumb": "http://i4.peapod.com/c/KK/KKNHZ.gif", "price": "549", "unit_price": "$.22/ oz", "name": "Nabisco Newtons Snack Packs Fig Fat Free - 12 pk", "cnid": "2581", "productId": "80880", "size": "25.2 oz pkg"},
{"thumb": "http://i4.peapod.com/c/KK/KKNHZ.gif", "price": "429", "unit_price": "$.39/ oz", "name": "Nabisco Nilla Wafers", "cnid": "2581", "productId": "6234", "size": "11 oz box"},
{"thumb": "http://i4.peapod.com/c/KK/KKNHZ.gif", "price": "429", "unit_price": "$.39/ oz", "name": "Nabisco Nilla Wafers Reduced Fat", "cnid": "2581", "productId": "50293", "size": "11 oz box"},
{"thumb": "http://i4.peapod.com/c/KK/KKNHZ.gif", "price": "199", "unit_price": "$.25/ oz", "name": "Nabisco Nutter Butter Bites Snak-Saks Sandwich Cookies Peanut Butter", "cnid": "2581", "productId": "13446", "size": "8 oz bag"},
{"thumb": "http://i4.peapod.com/c/KK/KKNHZ.gif", "price": "399", "unit_price": "$.25/ oz", "name": "Nabisco Nutter Butter Cookies", "cnid": "2581", "productId": "6226", "size": "16 oz pkg"},
{"thumb": "http://i4.peapod.com/c/KK/KKNHZ.gif", "price": "549", "unit_price": "$.24/ oz", "name": "Nabisco Nutter Butter Cookies Snack Packs - 12 pk", "cnid": "2581", "productId": "40101", "size": "22.8 oz pkg"},
{"thumb": "http://i4.peapod.com/c/KK/KKNHZ.gif", "price": "369", "unit_price": "$.26/ oz", "name": "Nabisco Oreo Cookies", "cnid": "2581", "productId": "6207", "size": "14.3 oz pkg"},
{"thumb": "http://i4.peapod.com/c/KK/KKNHZ.gif", "price": "549", "unit_price": "$.46/ oz", "name": "Nabisco Oreo Cookies Bite Size Mini Snack Packs - 12 pk", "cnid": "2581", "productId": "118907", "size": "12 oz box"},
{"thumb": "http://i4.peapod.com/c/KK/KKNHZ.gif", "price": "199", "unit_price": "$.25/ oz", "name": "Nabisco Oreo Cookies Bite Size Mini Snak-Saks", "cnid": "2581", "productId": "119178", "size": "8 oz bag"},
{"thumb": "http://i4.peapod.com/c/KK/KKNHZ.gif", "price": "369", "unit_price": "$.24/ oz", "name": "Nabisco Oreo Cookies Chocolate Creme", "cnid": "2581", "productId": "124115", "size": "15.2 oz pkg"},
{"thumb": "http://i4.peapod.com/c/KK/KKNHZ.gif", "price": "369", "unit_price": "$.24/ oz", "name": "Nabisco Oreo Cookies Double Stuf", "cnid": "2581", "productId": "6203", "size": "15.3 oz pkg"},
{"thumb": "http://i4.peapod.com/c/KK/KKNHZ.gif", "price": "369", "unit_price": "$.33/ oz", "name": "Nabisco Oreo Cookies Fudge Cremes", "cnid": "2581", "productId": "158216", "size": "11.3 oz pkg"},
{"thumb": "http://i4.peapod.com/c/KK/KKNHZ.gif", "price": "369", "unit_price": "$.33/ oz", "name": "Nabisco Oreo Cookies Fudge Cremes Mint", "cnid": "2581", "productId": "158215", "size": "11.3 oz pkg"},
{"thumb": "http://i4.peapod.com/c/KK/KKNHZ.gif", "price": "369", "unit_price": "$.26/ oz", "name": "Nabisco Oreo Cookies Golden", "cnid": "2581", "productId": "134825", "size": "14.3 oz pkg"},
{"thumb": "http://i4.peapod.com/c/KK/KKNHZ.gif", "price": "369", "unit_price": "$.26/ oz", "name": "Nabisco Oreo Cookies Golden Chocolate Creme", "cnid": "2581", "productId": "132131", "size": "14.3 oz pkg"},
{"thumb": "http://i4.peapod.com/c/KK/KKNHZ.gif", "price": "369", "unit_price": "$.24/ oz", "name": "Nabisco Oreo Cookies Golden Double Stuf", "cnid": "2581", "productId": "160482", "size": "15.2 oz pkg"},
{"thumb": "http://i4.peapod.com/c/KK/KKNHZ.gif", "price": "369", "unit_price": "$.26/ oz", "name": "Nabisco Oreo Cookies Reduced Fat", "cnid": "2581", "productId": "33542", "size": "14.3 oz pkg"},
{"thumb": "http://i4.peapod.com/c/KK/KKNHZ.gif", "price": "549", "unit_price": "$.26/ oz", "name": "Nabisco Oreo Cookies Regular, Golden & Double Stuf Variety Pack - 12 pk", "cnid": "2581", "productId": "142347", "size": "21.2 oz box"},
{"thumb": "http://i4.peapod.com/c/KK/KKNHZ.gif", "price": "549", "unit_price": "$.23/ oz", "name": "Nabisco Oreo Cookies Snack Packs - 12 pk", "cnid": "2581", "productId": "40115", "size": "24 oz pkg"},
{"thumb": "http://i4.peapod.com/c/KK/KKNHZ.gif", "price": "319", "unit_price": "$.47/ oz", "name": "Nabisco Oreo Cookies Sugar Free", "cnid": "2581", "productId": "138445", "size": "6.75 oz box"},
{"thumb": "http://i4.peapod.com/c/KK/KKNHZ.gif", "price": "369", "unit_price": "$.28/ oz", "name": "Nabisco Oreo Cookies Triple Double", "cnid": "2581", "productId": "174833", "size": "13.1 oz pkg"},
{"thumb": "http://i4.peapod.com/c/KK/KKNHZ.gif", "price": "529", "unit_price": "$.44/ oz", "name": "Nabisco Pinwheel Cookies Chocolate Covered Marshmallow", "cnid": "2581", "productId": "12150", "size": "12 oz pkg"},
{"thumb": "http://i4.peapod.com/c/KK/KKNHZ.gif", "price": "549", "unit_price": "$.46/ oz", "name": "Nabisco Ritz Bits & Mini Chips Ahoy! Variety Pack - 12 pk", "cnid": "2581", "productId": "116197", "size": "12 oz box"},
{"thumb": "http://i4.peapod.com/c/KK/KKNHZ.gif", "price": "299", "unit_price": "$.77/ oz", "name": "Nabisco SnackWell's Cookies Chocolate Chip Fudge Drizzled - 5 pk", "cnid": "2581", "productId": "162601", "size": "3.9 oz box"},
{"thumb": "http://i4.peapod.com/c/KK/KKNHZ.gif", "price": "299", "unit_price": "$.44/ oz", "name": "Nabisco SnackWell's Cookies Devil's Food Fat Free", "cnid": "2581", "productId": "14979", "size": "6.75 oz box"},
{"thumb": "http://i4.peapod.com/c/KK/KKNHZ.gif", "price": "299", "unit_price": "$.77/ oz", "name": "Nabisco SnackWell's Cookies Double Chocolate Chip Fudge Drizzled - 5 pk", "cnid": "2581", "productId": "162800", "size": "3.9 oz box"},
{"thumb": "http://i4.peapod.com/c/KK/KKNHZ.gif", "price": "299", "unit_price": "$.81/ oz", "name": "Nabisco SnackWell's Fudge Petites Shortbread Fudge - 5 pk", "cnid": "2581", "productId": "162599", "size": "3.7 oz box"},
{"thumb": "http://i4.peapod.com/c/KK/KKNHZ.gif", "price": "299", "unit_price": "$.39/ oz", "name": "Nabisco SnackWell's Sandwich Cookies Creme Vanilla", "cnid": "2581", "productId": "19160", "size": "7.75 oz box"},
{"thumb": "http://i4.peapod.com/c/KK/KKNHZ.gif", "price": "549", "unit_price": "$.27/ oz", "name": "Nabisco SnackWell's Sandwich Cookies Creme Vanilla - 12 pk", "cnid": "2581", "productId": "80876", "size": "20.4 oz pkg"},
{"thumb": "http://i4.peapod.com/c/KK/KKNHZ.gif", "price": "299", "unit_price": "$.37/ oz", "name": "Nabisco Snak-Saks Chips Ahoy! Cookies Chocolate Chip Mini", "cnid": "2581", "productId": "116072", "size": "8 oz bag"},
{"thumb": "http://i4.peapod.com/c/KK/KKNHZ.gif", "price": "250", "unit_price": "$.25/ oz", "name": "Nabisco Teddy Grahams Chocolate", "cnid": "2581", "productId": "6242", "size": "10 oz box"},
{"thumb": "http://i4.peapod.com/c/KK/KKNHZ.gif", "price": "250", "unit_price": "$.25/ oz", "name": "Nabisco Teddy Grahams Chocolatey Chip", "cnid": "2581", "productId": "105426", "size": "10 oz box"},
{"thumb": "http://i4.peapod.com/c/KK/KKNHZ.gif", "price": "250", "unit_price": "$.25/ oz", "name": "Nabisco Teddy Grahams Honey", "cnid": "2581", "productId": "6243", "size": "10 oz box"},
{"thumb": "http://i4.peapod.com/c/KK/KKNHZ.gif", "price": "549", "unit_price": "$.46/ oz", "name": "Nabisco Teddy Grahams Snack Packs Variety Pack - 12 pk", "cnid": "2581", "productId": "116198", "size": "12 oz pkg"},
{"thumb": "http://i4.peapod.com/c/KK/KKNHZ.gif", "price": "319", "unit_price": "$.46/ oz", "name": "Nature's Promise Naturals Cookies Chocolate Chip", "cnid": "2581", "productId": "136060", "size": "7 oz pkg"},
{"thumb": "http://i4.peapod.com/c/KK/KKNHZ.gif", "price": "319", "unit_price": "$.46/ oz", "name": "Nature's Promise Naturals Cookies Chocolate Chip with Pecans", "cnid": "2581", "productId": "136061", "size": "7 oz pkg"},
{"thumb": "http://i4.peapod.com/c/KK/KKNHZ.gif", "price": "319", "unit_price": "$.46/ oz", "name": "Nature's Promise Naturals Cookies Key Lime White Chocolate Chip", "cnid": "2581", "productId": "136064", "size": "7 oz pkg"},
{"thumb": "http://i4.peapod.com/c/KK/KKNHZ.gif", "price": "319", "unit_price": "$.46/ oz", "name": "Nature's Promise Naturals Cookies Oatmeal Raisin Pecan", "cnid": "2581", "productId": "136063", "size": "7 oz pkg"},
{"thumb": "http://i4.peapod.com/c/KK/KKNHZ.gif", "price": "250", "unit_price": "$.31/ oz", "name": "Nature's Promise Organics Animal Cookies", "cnid": "2581", "productId": "147643", "size": "8 oz bag"},
{"thumb": "http://i4.peapod.com/c/KK/KKNHZ.gif", "price": "250", "unit_price": "$.25/ oz", "name": "Nature's Promise Organics Ginger Snaps", "cnid": "2581", "productId": "147647", "size": "10 oz bag"},
{"thumb": "http://i4.peapod.com/c/KK/KKNHZ.gif", "price": "250", "unit_price": "$.31/ oz", "name": "Nature's Promise Organics Grahams Honey Bears", "cnid": "2581", "productId": "148936", "size": "8 oz bag"},
{"thumb": "http://i4.peapod.com/c/KK/KKNHZ.gif", "price": "499", "unit_price": "$.31/ oz", "name": "Newman's Own Organics Chocolate Cookies Creme Filled Wheat/Dairy Free", "cnid": "2581", "productId": "140039", "size": "16 oz pkg"},
{"thumb": "http://i4.peapod.com/c/KK/KKNHZ.gif", "price": "499", "unit_price": "$.50/ oz", "name": "Newman's Own Organics Cookies Fig Low Fat", "cnid": "2581", "productId": "118357", "size": "10 oz pkg"},
{"thumb": "http://i4.peapod.com/c/KK/KKNHZ.gif", "price": "499", "unit_price": "$.50/ oz", "name": "Newman's Own Organics Cookies Fig Low Fat Wheat & Dairy Free", "cnid": "2581", "productId": "140037", "size": "10 oz pkg"},
{"thumb": "http://i4.peapod.com/c/KK/KKNHZ.gif", "price": "319", "unit_price": "$.46/ oz", "name": "Newman's Own Organics Family Recipe Cookies Chocolate Chip", "cnid": "2581", "productId": "124232", "size": "7 oz bag"},
{"thumb": "http://i4.peapod.com/c/KK/KKNHZ.gif", "price": "499", "unit_price": "$.38/ oz", "name": "Newman's Own Organics Newman-O's Chocolate Cookies Creme Filled Original", "cnid": "2581", "productId": "124659", "size": "13 oz pkg"},
{"thumb": "http://i4.peapod.com/c/KK/KKNHZ.gif", "price": "499", "unit_price": "$.38/ oz", "name": "Newman's Own Organics Newman-O's Chocolate Cookies Mint Creme Filled", "cnid": "2581", "productId": "140038", "size": "13 oz pkg"},
{"thumb": "http://i4.peapod.com/c/KK/KKNHZ.gif", "price": "369", "unit_price": "$.54/ oz", "name": "Nonni's Biscotti Cioccolati - 6 pk", "cnid": "2581", "productId": "106494", "size": "6.88 oz box"},
{"thumb": "http://i4.peapod.com/c/KK/KKNHZ.gif", "price": "369", "unit_price": "$.54/ oz", "name": "Nonni's Biscotti Decadence - 6 pk", "cnid": "2581", "productId": "116108", "size": "6.88 oz box"},
{"thumb": "http://i4.peapod.com/c/KK/KKNHZ.gif", "price": "369", "unit_price": "$.67/ oz", "name": "Nonni's Biscotti Original", "cnid": "2581", "productId": "160585", "size": "5.5 oz box"},
{"thumb": "http://i4.peapod.com/c/KK/KKNHZ.gif", "price": "449", "unit_price": "$.62/ oz", "name": "Pamela's Cookies Chunky Chocolate Chip Gluten & Wheat Free All Natural", "cnid": "2581", "productId": "124936", "size": "7.25 oz pkg"},
{"thumb": "http://i4.peapod.com/c/KK/KKNHZ.gif", "price": "65", "unit_price": "$.32/ oz", "name": "Peggy Lawton Cookies Chocolate Chip - 2 ct", "cnid": "2581", "productId": "159052", "size": "2 oz pkg"},
{"thumb": "http://i4.peapod.com/c/KK/KKNHZ.gif", "price": "65", "unit_price": "$.32/ oz", "name": "Peggy Lawton Cookies Oatmeal - 2 ct", "cnid": "2581", "productId": "163879", "size": "2 oz pkg"},
{"thumb": "http://i4.peapod.com/c/KK/KKNHZ.gif", "price": "329", "unit_price": "$1.01/ oz", "name": "Pepperidge Farm 100 Calorie Pouches Milano Cookies - 5 pk", "cnid": "2581", "productId": "154377", "size": "3.25 oz box"},
{"thumb": "http://i4.peapod.com/c/KK/KKNHZ.gif", "price": "234", "unit_price": "$.32/ oz", "name": "Pepperidge Farm Chessmen Cookies Butter", "cnid": "2581", "productId": "822", "size": "7.25 oz bag"},
{"thumb": "http://i4.peapod.com/c/KK/KKNHZ.gif", "price": "649", "unit_price": "$.49/ oz", "name": "Pepperidge Farm Cookie Favorites Classic", "cnid": "2581", "productId": "42870", "size": "13.2 oz box"},
{"thumb": "http://i4.peapod.com/c/KK/KKNHZ.gif", "price": "234", "unit_price": "$.35/ oz", "name": "Pepperidge Farm Cookies Bordeaux", "cnid": "2581", "productId": "782", "size": "6.75 oz bag"},
{"thumb": "http://i4.peapod.com/c/KK/KKNHZ.gif", "price": "247", "unit_price": "$.47/ oz", "name": "Pepperidge Farm Cookies Brussels", "cnid": "2581", "productId": "820", "size": "5.25 oz bag"},
{"thumb": "http://i4.peapod.com/c/KK/KKNHZ.gif", "price": "234", "unit_price": "$.32/ oz", "name": "Pepperidge Farm Cookies Chesapeake Chocolate Chunk Pecan", "cnid": "2581", "productId": "813", "size": "7.2 oz bag"},
{"thumb": "http://i4.peapod.com/c/KK/KKNHZ.gif", "price": "234", "unit_price": "$.47/ oz", "name": "Pepperidge Farm Cookies Gingerman", "cnid": "2581", "productId": "792", "size": "5 oz bag"},
{"thumb": "http://i4.peapod.com/c/KK/KKNHZ.gif", "price": "234", "unit_price": "$.39/ oz", "name": "Pepperidge Farm Cookies Lemon", "cnid": "2581", "productId": "157699", "size": "6 oz bag"},
{"thumb": "http://i4.peapod.com/c/KK/KKNHZ.gif", "price": "549", "unit_price": "$.35/ oz", "name": "Pepperidge Farm Cookies Nantucket Chocolate Chunk Mini - 9 pk", "cnid": "2581", "productId": "116189", "size": "15.7 oz pkg"},
{"thumb": "http://i4.peapod.com/c/KK/KKNHZ.gif", "price": "234", "unit_price": "$.32/ oz", "name": "Pepperidge Farm Cookies Nantucket Dark Chocolate Chunk", "cnid": "2581", "productId": "815", "size": "7.2 oz bag"},
{"thumb": "http://i4.peapod.com/c/KK/KKNHZ.gif", "price": "234", "unit_price": "$.30/ oz", "name": "Pepperidge Farm Cookies Nantucket Double Chocolate Chunk", "cnid": "2581", "productId": "123671", "size": "7.75 oz bag"},
{"thumb": "http://i4.peapod.com/c/KK/KKNHZ.gif", "price": "234", "unit_price": "$.32/ oz", "name": "Pepperidge Farm Cookies Sausalito Milk Chocolate Macadamia", "cnid": "2581", "productId": "814", "size": "7.2 oz bag"},
{"thumb": "http://i4.peapod.com/c/KK/KKNHZ.gif", "price": "234", "unit_price": "$.32/ oz", "name": "Pepperidge Farm Cookies Tahoe White Chunk Macadamia", "cnid": "2581", "productId": "24836", "size": "7.2 oz bag"},
{"thumb": "http://i4.peapod.com/c/KK/KKNHZ.gif", "price": "300", "unit_price": "$.50/ oz", "name": "Pepperidge Farm Milano Cookies", "cnid": "2581", "productId": "784", "size": "6 oz bag"},
{"thumb": "http://i4.peapod.com/c/KK/KKNHZ.gif", "price": "300", "unit_price": "$.40/ oz", "name": "Pepperidge Farm Milano Cookies Double Chocolate", "cnid": "2581", "productId": "19428", "size": "7.5 oz bag"},
{"thumb": "http://i4.peapod.com/c/KK/KKNHZ.gif", "price": "300", "unit_price": "$.48/ oz", "name": "Pepperidge Farm Milano Cookies Milk Chocolate", "cnid": "2581", "productId": "38306", "size": "6.25 oz bag"},
{"thumb": "http://i4.peapod.com/c/KK/KKNHZ.gif", "price": "300", "unit_price": "$.43/ oz", "name": "Pepperidge Farm Milano Cookies Mint", "cnid": "2581", "productId": "821", "size": "7 oz bag"},
{"thumb": "http://i4.peapod.com/c/KK/KKNHZ.gif", "price": "300", "unit_price": "$.43/ oz", "name": "Pepperidge Farm Milano Cookies Orange", "cnid": "2581", "productId": "790", "size": "7 oz bag"},
{"thumb": "http://i4.peapod.com/c/KK/KKNHZ.gif", "price": "300", "unit_price": "$.43/ oz", "name": "Pepperidge Farm Milano Cookies Raspberry", "cnid": "2581", "productId": "127761", "size": "7 oz bag"},
{"thumb": "http://i4.peapod.com/c/KK/KKNHZ.gif", "price": "300", "unit_price": "$.52/ oz", "name": "Pepperidge Farm Milano Melts Cookies Dark Classic Creme", "cnid": "2581", "productId": "162140", "size": "5.75 oz bag"},
{"thumb": "http://i4.peapod.com/c/KK/KKNHZ.gif", "price": "549", "unit_price": "$.51/ oz", "name": "Pepperidge Farm On The Go Cookies Milano - 9 pk", "cnid": "2581", "productId": "116188", "size": "10.8 oz pkg"},
{"thumb": "http://i4.peapod.com/c/KK/KKNHZ.gif", "price": "649", "unit_price": "$.48/ oz", "name": "Pepperidge Farm Pirouette Rolled Wafers Creme Filled Chocolate Hazelnut", "cnid": "2581", "productId": "113642", "size": "13.5 oz tin"},
{"thumb": "http://i4.peapod.com/c/KK/KKNHZ.gif", "price": "234", "unit_price": "$.27/ oz", "name": "Pepperidge Farm Soft Baked Cookies Milk Chocolate Chunk", "cnid": "2581", "productId": "143984", "size": "8.6 oz bag"},
{"thumb": "http://i4.peapod.com/c/KK/KKNHZ.gif", "price": "234", "unit_price": "$.27/ oz", "name": "Pepperidge Farm Soft Baked Cookies Oatmeal Raisin", "cnid": "2581", "productId": "20641", "size": "8.6 oz bag"},
{"thumb": "http://i4.peapod.com/c/KK/KKNHZ.gif", "price": "599", "unit_price": "$.73/ oz", "name": "Pirate Brands Smart Puffs Real Wisconsin Cheddar All Natural - 6 pk", "cnid": "2581", "productId": "155662", "size": "8.25 oz pkg"},
{"thumb": "http://i4.peapod.com/c/KK/KKNHZ.gif", "price": "335", "unit_price": "$.62/ oz", "name": "Pringles Potato Crisps Original Snack Stacks - 8 pk", "cnid": "2581", "productId": "137872", "size": "5.36 oz pkg"},
{"thumb": "http://i4.peapod.com/c/KK/KKNHZ.gif", "price": "279", "unit_price": "$.40/ oz", "name": "Roland Tartlettes Chocolate", "cnid": "2581", "productId": "175198", "size": "7.05 oz box"},
{"thumb": "http://i4.peapod.com/c/KK/KKNHZ.gif", "price": "279", "unit_price": "$.40/ oz", "name": "Roland Tartlettes Lemon", "cnid": "2581", "productId": "175191", "size": "7.05 oz box"},
{"thumb": "http://i4.peapod.com/c/KK/KKNHZ.gif", "price": "229", "unit_price": "$.32/ oz", "name": "Roland Tartlettes Raspberry", "cnid": "2581", "productId": "163983", "size": "7.05 oz box"},
{"thumb": "http://i4.peapod.com/c/KK/KKNHZ.gif", "price": "229", "unit_price": "$.32/ oz", "name": "Roland Tartlettes Strawberry", "cnid": "2581", "productId": "175199", "size": "7.05 oz box"},
{"thumb": "http://i4.peapod.com/c/KK/KKNHZ.gif", "price": "300", "unit_price": "$.33/ oz", "name": "Stella D'oro Breakfast Treats Cookies Original", "cnid": "2581", "productId": "8961", "size": "9 oz pkg"},
{"thumb": "http://i4.peapod.com/c/KK/KKNHZ.gif", "price": "300", "unit_price": "$.46/ oz", "name": "Stella D'oro Coffee Treats Toast Almond", "cnid": "2581", "productId": "8963", "size": "6.6 oz pkg"},
{"thumb": "http://i4.peapod.com/c/KK/KKNHZ.gif", "price": "300", "unit_price": "$.53/ oz", "name": "Stella D'oro Coffee Treats Toast Anisette", "cnid": "2581", "productId": "8960", "size": "5.7 oz pkg"},
{"thumb": "http://i4.peapod.com/c/KK/KKNHZ.gif", "price": "300", "unit_price": "$.49/ oz", "name": "Stella D'oro Cookies Anisette Sponge", "cnid": "2581", "productId": "8959", "size": "6.1 oz pkg"},
{"thumb": "http://i4.peapod.com/c/KK/KKNHZ.gif", "price": "169", "unit_price": "$.19/ oz", "name": "Stop & Shop Animal Crackers", "cnid": "2581", "productId": "57182", "size": "9 oz box"},
{"thumb": "http://i4.peapod.com/c/KK/KKNHZ.gif", "price": "249", "unit_price": "$.19/ oz", "name": "Stop & Shop Cookies Chunky Chocolate Chip", "cnid": "2581", "productId": "90169", "size": "13 oz pkg"},
{"thumb": "http://i4.peapod.com/c/KK/KKNHZ.gif", "price": "200", "unit_price": "$.15/ oz", "name": "Stop & Shop Cookies Graham Fudge", "cnid": "2581", "productId": "161030", "size": "13 oz pkg"},
{"thumb": "http://i4.peapod.com/c/KK/KKNHZ.gif", "price": "100", "unit_price": "$.12/ oz", "name": "Stop & Shop Cookies Raspberry Filled Hometown Bakery", "cnid": "2581", "productId": "172289", "size": "8.25 oz pkg"},
{"thumb": "http://i4.peapod.com/c/KK/KKNHZ.gif", "price": "239", "unit_price": "$.17/ oz", "name": "Stop & Shop Graham Crackers Cinnamon", "cnid": "2581", "productId": "57183", "size": "14.4 oz box"},
{"thumb": "http://i4.peapod.com/c/KK/KKNHZ.gif", "price": "200", "unit_price": "$.14/ oz", "name": "Stop & Shop Graham Crackers Honey", "cnid": "2581", "productId": "57186", "size": "14.4 oz box"},
{"thumb": "http://i4.peapod.com/c/KK/KKNHZ.gif", "price": "200", "unit_price": "$.15/ oz", "name": "Stop & Shop Graham Crackers Low Fat Honey", "cnid": "2581", "productId": "126711", "size": "14 oz box"},
{"thumb": "http://i4.peapod.com/c/KK/KKNHZ.gif", "price": "100", "unit_price": "$.11/ oz", "name": "Stop & Shop Old Fashioned Cookies Chocolate Chip", "cnid": "2581", "productId": "158616", "size": "8.9 oz pkg"},
{"thumb": "http://i4.peapod.com/c/KK/KKNHZ.gif", "price": "100", "unit_price": "$.11/ oz", "name": "Stop & Shop Old Fashioned Cookies Oatmeal", "cnid": "2581", "productId": "144745", "size": "8.9 oz pkg"},
{"thumb": "http://i4.peapod.com/c/KK/KKNHZ.gif", "price": "100", "unit_price": "$.11/ oz", "name": "Stop & Shop Old Fashioned Cookies Oatmeal Raisin", "cnid": "2581", "productId": "137675", "size": "8.9 oz pkg"},
{"thumb": "http://i4.peapod.com/c/KK/KKNHZ.gif", "price": "200", "unit_price": "$.11/ oz", "name": "Stop & Shop Sandwich Cookies Double Stuffed", "cnid": "2581", "productId": "178288", "size": "18 oz pkg"},
{"thumb": "http://i4.peapod.com/c/KK/KKNHZ.gif", "price": "200", "unit_price": "$.11/ oz", "name": "Stop & Shop Sandwich Cookies Vanilla", "cnid": "2581", "productId": "57214", "size": "18 oz pkg"},
{"thumb": "http://i4.peapod.com/c/KK/KKNHZ.gif", "price": "499", "unit_price": "$.36/ oz", "name": "Aurora Peas Wasabi", "cnid": "2569", "productId": "163909", "size": "14 oz tub"},
{"thumb": "http://i4.peapod.com/c/KK/KKNHZ.gif", "price": "399", "unit_price": "$.33/ oz", "name": "Aurora Rice Crackers with Wasabi Green Peas Natural", "cnid": "2569", "productId": "159071", "size": "12 oz tub"},
{"thumb": "http://i4.peapod.com/c/KK/KKNHZ.gif", "price": "349", "unit_price": "$.39/ oz", "name": "Bachman Jax Curls Cheddar Cheese", "cnid": "2569", "productId": "90468", "size": "9 oz bag"},
{"thumb": "http://i4.peapod.com/c/KK/KKNHZ.gif", "price": "499", "unit_price": "$.62/ oz", "name": "Back to Nature Graham Sticks Honey - 8 pk", "cnid": "2569", "productId": "156330", "size": "8 oz pkg"},
{"thumb": "http://i4.peapod.com/c/KK/KKNHZ.gif", "price": "399", "unit_price": "$.67/ oz", "name": "Cape Cod Kettle Cooked Potato Chips 40% Reduced Fat Lunch Packs - 8 pk", "cnid": "2569", "productId": "141219", "size": "6 oz bag"},
{"thumb": "http://i4.peapod.com/c/KK/KKNHZ.gif", "price": "499", "unit_price": "$.31/ oz", "name": "Cape Cod Kettle Cooked Potato Chips All Natural", "cnid": "2569", "productId": "158613", "size": "16 oz bag"},
{"thumb": "http://i4.peapod.com/c/KK/KKNHZ.gif", "price": "399", "unit_price": "$.50/ oz", "name": "Cape Cod Kettle Cooked Potato Chips Lunch Packs All Natural - 8 pk", "cnid": "2569", "productId": "62254", "size": "8 oz pkg"},
{"thumb": "http://i4.peapod.com/c/KK/KKNHZ.gif", "price": "499", "unit_price": "$.33/ oz", "name": "Cape Cod Kettle Cooked Potato Chips Original 40% Reduced Fat All Natural", "cnid": "2569", "productId": "142284", "size": "15 oz bag"},
{"thumb": "http://i4.peapod.com/c/KK/KKNHZ.gif", "price": "300", "unit_price": "$.38/ oz", "name": "Cape Cod Kettle Cooked Potato Chips Original 40% Reduced Fat All Natural", "cnid": "2569", "productId": "107167", "size": "8 oz bag"},
{"thumb": "http://i4.peapod.com/c/KK/KKNHZ.gif", "price": "300", "unit_price": "$.35/ oz", "name": "Cape Cod Kettle Cooked Potato Chips Original All Natural", "cnid": "2569", "productId": "1652", "size": "8.5 oz bag"},
{"thumb": "http://i4.peapod.com/c/KK/KKNHZ.gif", "price": "300", "unit_price": "$.38/ oz", "name": "Cape Cod Kettle Cooked Potato Chips Sea Salt & Cracked Pepper All Natural", "cnid": "2569", "productId": "158614", "size": "8 oz bag"},
{"thumb": "http://i4.peapod.com/c/KK/KKNHZ.gif", "price": "300", "unit_price": "$.38/ oz", "name": "Cape Cod Kettle Cooked Potato Chips Sea Salt & Vinegar All Natural", "cnid": "2569", "productId": "141215", "size": "8 oz bag"},
{"thumb": "http://i4.peapod.com/c/KK/KKNHZ.gif", "price": "300", "unit_price": "$.38/ oz", "name": "Cape Cod Kettle Cooked Potato Chips Sweet & Spicy Jalapeno All Natural", "cnid": "2569", "productId": "158670", "size": "8 oz bag"},
{"thumb": "http://i4.peapod.com/c/KK/KKNHZ.gif", "price": "300", "unit_price": "$.38/ oz", "name": "Cape Cod Kettle Cooked Potato Chips Sweet Mesquite Barbecue All Natural", "cnid": "2569", "productId": "158612", "size": "8 oz bag"},
{"thumb": "http://i4.peapod.com/c/KK/KKNHZ.gif", "price": "300", "unit_price": "$.38/ oz", "name": "Cape Cod Kettle Cooked Potato Chips Sweet Mesquite Barbeque All Natural", "cnid": "2569", "productId": "160934", "size": "8 oz bag"},
{"thumb": "http://i4.peapod.com/c/KK/KKNHZ.gif", "price": "300", "unit_price": "$.43/ oz", "name": "Cape Cod Kettle Cooked Potato Chips Waffle Cut Sea Salt All Natural", "cnid": "2569", "productId": "184025", "size": "7 oz bag"},
{"thumb": "http://i4.peapod.com/c/KK/KKNHZ.gif", "price": "300", "unit_price": "$.38/ oz", "name": "Cape Cod Potato Chips Kettle Cooked Aged Cheddar & Sour Cream All Natural", "cnid": "2569", "productId": "187976", "size": "8 oz bag"},
{"thumb": "http://i4.peapod.com/c/KK/KKNHZ.gif", "price": "300", "unit_price": "$.38/ oz", "name": "Cape Cod Potato Chips Kettle Cooked Sour Cream & Green Onion All Natural", "cnid": "2569", "productId": "182190", "size": "8 oz bag"},
{"thumb": "http://i4.peapod.com/c/KK/KKNHZ.gif", "price": "429", "unit_price": "$.36/ oz", "name": "Cheetos 12-Sack Cheese Crunchy", "cnid": "2569", "productId": "111133", "size": "12 oz bag"},
{"thumb": "http://i4.peapod.com/c/KK/KKNHZ.gif", "price": "399", "unit_price": "$.36/ oz", "name": "Cheetos Baked! Crunchy", "cnid": "2569", "productId": "139282", "size": "11 oz bag"},
{"thumb": "http://i4.peapod.com/c/KK/KKNHZ.gif", "price": "299", "unit_price": "$.31/ oz", "name": "Cheetos Cheese Puffs", "cnid": "2569", "productId": "2704", "size": "9.5 oz bag"},
{"thumb": "http://i4.peapod.com/c/KK/KKNHZ.gif", "price": "299", "unit_price": "$.31/ oz", "name": "Cheetos Crunchy", "cnid": "2569", "productId": "19746", "size": "9.5 oz bag"},
{"thumb": "http://i4.peapod.com/c/KK/KKNHZ.gif", "price": "299", "unit_price": "$.61/ oz", "name": "Chex 100 Calorie Packs Snack Mix Cheddar - 6 ct", "cnid": "2569", "productId": "145351", "size": "4.9 oz box"},
{"thumb": "http://i4.peapod.com/c/KK/KKNHZ.gif", "price": "289", "unit_price": "$.33/ oz", "name": "Chex Snack Mix Bold Party Blend", "cnid": "2569", "productId": "42348", "size": "8.75 oz bag"},
{"thumb": "http://i4.peapod.com/c/KK/KKNHZ.gif", "price": "289", "unit_price": "$.33/ oz", "name": "Chex Snack Mix Cheddar", "cnid": "2569", "productId": "1309", "size": "8.75 oz bag"},
{"thumb": "http://i4.peapod.com/c/KK/KKNHZ.gif", "price": "379", "unit_price": "$.25/ oz", "name": "Chex Snack Mix Cheddar", "cnid": "2569", "productId": "155775", "size": "15 oz bag"},
{"thumb": "http://i4.peapod.com/c/KK/KKNHZ.gif", "price": "379", "unit_price": "$.25/ oz", "name": "Chex Snack Mix Traditional", "cnid": "2569", "productId": "41969", "size": "15 oz bag"},
{"thumb": "http://i4.peapod.com/c/KK/KKNHZ.gif", "price": "289", "unit_price": "$.33/ oz", "name": "Chex Snack Mix Traditional", "cnid": "2569", "productId": "1308", "size": "8.75 oz bag"},
{"thumb": "http://i4.peapod.com/c/KK/KKNHZ.gif", "price": "429", "unit_price": "$.39/ oz", "name": "Doritos Tortilla Chips Cool Ranch", "cnid": "2569", "productId": "2685", "size": "11 oz bag"},
{"thumb": "http://i4.peapod.com/c/KK/KKNHZ.gif", "price": "429", "unit_price": "$.39/ oz", "name": "Doritos Tortilla Chips Nacho Cheese", "cnid": "2569", "productId": "2684", "size": "11 oz bag"},
{"thumb": "http://i4.peapod.com/c/KK/KKNHZ.gif", "price": "399", "unit_price": "$.25/ oz", "name": "Doritos Tortilla Chips Nacho Cheese Party Size", "cnid": "2569", "productId": "20183", "size": "16 oz bag"},
{"thumb": "http://i4.peapod.com/c/KK/KKNHZ.gif", "price": "429", "unit_price": "$.39/ oz", "name": "Doritos Tortilla Chips Spicy Nacho", "cnid": "2569", "productId": "75714", "size": "11 oz bag"},
{"thumb": "http://i4.peapod.com/c/KK/KKNHZ.gif", "price": "399", "unit_price": "$.67/ oz", "name": "EatSmart Naturals Garden Veggie Crisps Potato, Tomato & Spinach", "cnid": "2569", "productId": "127495", "size": "6 oz bag"},
{"thumb": "http://i4.peapod.com/c/KK/KKNHZ.gif", "price": "499", "unit_price": "$.30/ oz", "name": "Famous Amos Cookies Chocolate Chip - 12 pk", "cnid": "2569", "productId": "133570", "size": "16.8 oz box"},
{"thumb": "http://i4.peapod.com/c/KK/KKNHZ.gif", "price": "399", "unit_price": "$.73/ oz", "name": "Food Should Taste Good Tortilla Chips Multigrain All Natural", "cnid": "2569", "productId": "150785", "size": "5.5 oz bag"},
{"thumb": "http://i4.peapod.com/c/KK/KKNHZ.gif", "price": "399", "unit_price": "$.73/ oz", "name": "Food Should Taste Good Tortilla Chips Olive All Natural", "cnid": "2569", "productId": "150786", "size": "5.5 oz bag"},
{"thumb": "http://i4.peapod.com/c/KK/KKNHZ.gif", "price": "399", "unit_price": "$.73/ oz", "name": "Food Should Taste Good Tortilla Chips Sweet Potato All Natural", "cnid": "2569", "productId": "156391", "size": "5.5 oz bag"},
{"thumb": "http://i4.peapod.com/c/KK/KKNHZ.gif", "price": "329", "unit_price": "$.41/ oz", "name": "Frito-Lay Munchies Snack Mix Cheese Fix", "cnid": "2569", "productId": "160003", "size": "8 oz bag"},
{"thumb": "http://i4.peapod.com/c/KK/KKNHZ.gif", "price": "200", "unit_price": "$.42/ oz", "name": "Frito-Lay Munchos Potato Crisps", "cnid": "2569", "productId": "160004", "size": "4.75 oz bag"},
{"thumb": "http://i4.peapod.com/c/KK/KKNHZ.gif", "price": "799", "unit_price": "$.40/ oz", "name": "Frito-Lay Variety Pack Classic Mix - 20 pk", "cnid": "2569", "productId": "86591", "size": "20 oz pkg"},
{"thumb": "http://i4.peapod.com/c/KK/KKNHZ.gif", "price": "799", "unit_price": "$.40/ oz", "name": "Frito-Lay Variety Pack Flavor Mix - 20 pk", "cnid": "2569", "productId": "141982", "size": "20 oz pkg"},
{"thumb": "http://i4.peapod.com/c/KK/KKNHZ.gif", "price": "799", "unit_price": "$.44/ oz", "name": "Frito-Lay Variety Pack Smart Mix Baked Snacks - 20 pk", "cnid": "2569", "productId": "145094", "size": "18 oz pkg"},
{"thumb": "http://i4.peapod.com/c/KK/KKNHZ.gif", "price": "349", "unit_price": "$.33/ oz", "name": "Fritos Corn Chips Flavor Twists Honey Barbecue", "cnid": "2569", "productId": "125493", "size": "10.5 oz bag"},
{"thumb": "http://i4.peapod.com/c/KK/KKNHZ.gif", "price": "429", "unit_price": "$.31/ oz", "name": "Fritos Corn Chips Original", "cnid": "2569", "productId": "2723", "size": "14 oz bag"},
{"thumb": "http://i4.peapod.com/c/KK/KKNHZ.gif", "price": "299", "unit_price": "$.29/ oz", "name": "Fritos Corn Chips Original", "cnid": "2569", "productId": "2669", "size": "10.2 oz bag"},
{"thumb": "http://i4.peapod.com/c/KK/KKNHZ.gif", "price": "429", "unit_price": "$.31/ oz", "name": "Fritos Scoops! Corn Chips", "cnid": "2569", "productId": "27082", "size": "14 oz bag"},
{"thumb": "http://i4.peapod.com/c/KK/KKNHZ.gif", "price": "349", "unit_price": "$.34/ oz", "name": "Fritos Scoops! Corn Chips", "cnid": "2569", "productId": "25933", "size": "10.2 oz bag"},
{"thumb": "http://i4.peapod.com/c/KK/KKNHZ.gif", "price": "269", "unit_price": "$.34/ oz", "name": "Green Mountain Gringo Tortilla Strips All Natural", "cnid": "2569", "productId": "128674", "size": "8 oz bag"},
{"thumb": "http://i4.peapod.com/c/KK/KKNHZ.gif", "price": "499", "unit_price": "$.30/ oz", "name": "Keebler Cookies Fudge Stripes Original Mini - 12 pk", "cnid": "2569", "productId": "133567", "size": "16.8 oz box"},
{"thumb": "http://i4.peapod.com/c/KK/KKNHZ.gif", "price": "300", "unit_price": "$.46/ oz", "name": "Keebler Fudge Sticks Original Jumbo - 6 pk", "cnid": "2569", "productId": "161835", "size": "6.6 oz box"},
{"thumb": "http://i4.peapod.com/c/KK/KKNHZ.gif", "price": "300", "unit_price": "$.68/ oz", "name": "Keebler Right Bites 100 Calorie Packs Cookies Chips Deluxe - 6 pk", "cnid": "2569", "productId": "138031", "size": "4.44 oz box"},
{"thumb": "http://i4.peapod.com/c/KK/KKNHZ.gif", "price": "300", "unit_price": "$.71/ oz", "name": "Keebler Right Bites 100 Calorie Packs Cookies Fudge Grahams - 6 pk", "cnid": "2569", "productId": "151541", "size": "4.24 oz box"},
{"thumb": "http://i4.peapod.com/c/KK/KKNHZ.gif", "price": "300", "unit_price": "$.68/ oz", "name": "Keebler Right Bites 100 Calorie Packs Cookies Fudge Stripes Mini - 6 pk", "cnid": "2569", "productId": "140589", "size": "4.44 oz box"},
{"thumb": "http://i4.peapod.com/c/KK/KKNHZ.gif", "price": "499", "unit_price": "$.57/ oz", "name": "Keebler Right Bites 100 Cal Variety Packs (Fudge Shoppe/Cheez-It) 12 pk", "cnid": "2569", "productId": "145754", "size": "8.8 oz box"},
{"thumb": "http://i4.peapod.com/c/KK/KKNHZ.gif", "price": "250", "unit_price": "$.23/ oz", "name": "Keebler Sandwich Crackers PB'n J - 8 pk", "cnid": "2569", "productId": "159104", "size": "11 oz pkg"},
{"thumb": "http://i4.peapod.com/c/KK/KKNHZ.gif", "price": "499", "unit_price": "$.31/ oz", "name": "Keebler Variety Crackers & Cookies Snack Packs - 12 pk", "cnid": "2569", "productId": "133568", "size": "16.2 oz box"},
{"thumb": "http://i4.peapod.com/c/KK/KKNHZ.gif", "price": "499", "unit_price": "$.45/ oz", "name": "Keebler Variety Snack Packs Grahams, Rice Krispies & Bug Bites - 12 pk", "cnid": "2569", "productId": "143591", "size": "11 oz box"},
{"thumb": "http://i4.peapod.com/c/KK/KKNHZ.gif", "price": "300", "unit_price": "$.38/ oz", "name": "Kettle Brand Potato Chips Backyard Barbeque Natural", "cnid": "2569", "productId": "148846", "size": "8 oz bag"},
{"thumb": "http://i4.peapod.com/c/KK/KKNHZ.gif", "price": "399", "unit_price": "$1.00/ oz", "name": "Kettle Brand Potato Chips Baked Sea Salt Natural", "cnid": "2569", "productId": "100164", "size": "4 oz bag"},
{"thumb": "http://i4.peapod.com/c/KK/KKNHZ.gif", "price": "300", "unit_price": "$.33/ oz", "name": "Kettle Brand Potato Chips Krinkle Cut Buffalo Bleu Natural", "cnid": "2569", "productId": "148765", "size": "9 oz bag"},
{"thumb": "http://i4.peapod.com/c/KK/KKNHZ.gif", "price": "300", "unit_price": "$.38/ oz", "name": "Kettle Brand Potato Chips Krinkle Cut Salt & Fresh Ground Pepper Natural", "cnid": "2569", "productId": "147702", "size": "8 oz bag"},
{"thumb": "http://i4.peapod.com/c/KK/KKNHZ.gif", "price": "300", "unit_price": "$.38/ oz", "name": "Kettle Brand Potato Chips Sea Salt & Vinegar Natural", "cnid": "2569", "productId": "147638", "size": "8 oz bag"},
{"thumb": "http://i4.peapod.com/c/KK/KKNHZ.gif", "price": "300", "unit_price": "$.38/ oz", "name": "Kettle Brand Potato Chips Sea Salt Natural", "cnid": "2569", "productId": "147637", "size": "8 oz bag"},
{"thumb": "http://i4.peapod.com/c/KK/KKNHZ.gif", "price": "300", "unit_price": "$.38/ oz", "name": "Kettle Brand Potato Chips Sour Cream & Onion Natural", "cnid": "2569", "productId": "148847", "size": "8 oz bag"},
{"thumb": "http://i4.peapod.com/c/KK/KKNHZ.gif", "price": "300", "unit_price": "$.38/ oz", "name": "Kettle Brand Potato Chips Sweet Onion Natural", "cnid": "2569", "productId": "156336", "size": "8 oz bag"},
{"thumb": "http://i4.peapod.com/c/KK/KKNHZ.gif", "price": "350", "unit_price": "$.58/ oz", "name": "Late July Snack Chips Multigrain Sea Salt Gluten Free Organic", "cnid": "2569", "productId": "181834", "size": "6 oz bag"},
{"thumb": "http://i4.peapod.com/c/KK/KKNHZ.gif", "price": "399", "unit_price": "$.44/ oz", "name": "Lay's Baked Potato Crisps BBQ", "cnid": "2569", "productId": "46524", "size": "9 oz bag"},
{"thumb": "http://i4.peapod.com/c/KK/KKNHZ.gif", "price": "399", "unit_price": "$.44/ oz", "name": "Lay's Baked Potato Crisps Original", "cnid": "2569", "productId": "44935", "size": "9 oz bag"},
{"thumb": "http://i4.peapod.com/c/KK/KKNHZ.gif", "price": "399", "unit_price": "$.44/ oz", "name": "Lay's Baked Potato Crisp Sour Cream & Onion", "cnid": "2569", "productId": "136978", "size": "9 oz bag"},
{"thumb": "http://i4.peapod.com/c/KK/KKNHZ.gif", "price": "329", "unit_price": "$.39/ oz", "name": "Lay's Kettle Cooked Potato Chips Original All Natural", "cnid": "2569", "productId": "132392", "size": "8.5 oz bag"},
{"thumb": "http://i4.peapod.com/c/KK/KKNHZ.gif", "price": "329", "unit_price": "$.39/ oz", "name": "Lay's Kettle Cooked Potato Chips Original Reduced Fat All Natural", "cnid": "2569", "productId": "155653", "size": "8.5 oz bag"},
{"thumb": "http://i4.peapod.com/c/KK/KKNHZ.gif", "price": "329", "unit_price": "$.39/ oz", "name": "Lay's Kettle Cooked Potato Chips Salt & Vinegar", "cnid": "2569", "productId": "156957", "size": "8.5 oz bag"},
{"thumb": "http://i4.peapod.com/c/KK/KKNHZ.gif", "price": "329", "unit_price": "$.39/ oz", "name": "Lay's Kettle Cooked Potato Chips Sea Salt & Cracked Pepper All Natural", "cnid": "2569", "productId": "158625", "size": "8.5 oz bag"},
{"thumb": "http://i4.peapod.com/c/KK/KKNHZ.gif", "price": "399", "unit_price": "$.61/ oz", "name": "Lay's Light Potato Chips Fat Free Original", "cnid": "2569", "productId": "92377", "size": "6.5 oz bag"},
{"thumb": "http://i4.peapod.com/c/KK/KKNHZ.gif", "price": "329", "unit_price": "$.35/ oz", "name": "Lay's Potato Chips Barbecue", "cnid": "2569", "productId": "38411", "size": "9.5 oz bag"},
{"thumb": "http://i4.peapod.com/c/KK/KKNHZ.gif", "price": "329", "unit_price": "$.35/ oz", "name": "Lay's Potato Chips Cheddar & Sour Cream", "cnid": "2569", "productId": "136979", "size": "9.5 oz bag"},
{"thumb": "http://i4.peapod.com/c/KK/KKNHZ.gif", "price": "329", "unit_price": "$.33/ oz", "name": "Lay's Potato Chips Classic", "cnid": "2569", "productId": "31022", "size": "10 oz bag"},
{"thumb": "http://i4.peapod.com/c/KK/KKNHZ.gif", "price": "429", "unit_price": "$.43/ oz", "name": "Lay's Potato Chips Classic BLT", "cnid": "2569", "productId": "191668", "size": "10 oz bag"},
{"thumb": "http://i4.peapod.com/c/KK/KKNHZ.gif", "price": "399", "unit_price": "$.29/ oz", "name": "Lay's Potato Chips Classic Family Size", "cnid": "2569", "productId": "20186", "size": "13.7 oz bag"},
{"thumb": "http://i4.peapod.com/c/KK/KKNHZ.gif", "price": "329", "unit_price": "$.33/ oz", "name": "Lay's Potato Chips Garden Tomato & Basil", "cnid": "2569", "productId": "167534", "size": "10 oz bag"},
{"thumb": "http://i4.peapod.com/c/KK/KKNHZ.gif", "price": "329", "unit_price": "$.33/ oz", "name": "Lay's Potato Chips Lightly Salted", "cnid": "2569", "productId": "141218", "size": "10 oz bag"},
{"thumb": "http://i4.peapod.com/c/KK/KKNHZ.gif", "price": "329", "unit_price": "$.35/ oz", "name": "Lay's Potato Chips Salt & Vinegar", "cnid": "2569", "productId": "96289", "size": "9.5 oz bag"},
{"thumb": "http://i4.peapod.com/c/KK/KKNHZ.gif", "price": "329", "unit_price": "$.35/ oz", "name": "Lay's Potato Chips Sour Cream & Onion", "cnid": "2569", "productId": "54237", "size": "9.5 oz bag"},
{"thumb": "http://i4.peapod.com/c/KK/KKNHZ.gif", "price": "399", "unit_price": "$.44/ oz", "name": "Lay's Simply Natural Potato Chips Sea Salted Thick Cut", "cnid": "2569", "productId": "131442", "size": "9 oz bag"},
{"thumb": "http://i4.peapod.com/c/KK/KKNHZ.gif", "price": "329", "unit_price": "$.33/ oz", "name": "Lay's Wavy Potato Chips Original", "cnid": "2569", "productId": "52206", "size": "10 oz bag"},
{"thumb": "http://i4.peapod.com/c/KK/KKNHZ.gif", "price": "329", "unit_price": "$.55/ oz", "name": "Lundberg Rice Chips Sea Salt Gluten Free", "cnid": "2569", "productId": "140703", "size": "6 oz bag"},
{"thumb": "http://i4.peapod.com/c/KK/KKNHZ.gif", "price": "549", "unit_price": "$.46/ oz", "name": "Nabisco (Animal, Lorna Doone Mini & Teddy Grahams) Variety Pack-12 pk", "cnid": "2569", "productId": "142185", "size": "12 oz pkg"},
{"thumb": "http://i4.peapod.com/c/KK/KKNHZ.gif", "price": "549", "unit_price": "$.46/ oz", "name": "Nabisco (Chips Ahoy! Mini/Nutter Butter Bites/Oreos Mini) Variety Pack-12", "cnid": "2569", "productId": "124028", "size": "12 oz box"},
{"thumb": "http://i4.peapod.com/c/KK/KKNHZ.gif", "price": "299", "unit_price": "$.62/ oz", "name": "Nabisco 100 Cal Chips Ahoy! Thin Crisps - 6 pk", "cnid": "2569", "productId": "135068", "size": "4.8 oz box"},
{"thumb": "http://i4.peapod.com/c/KK/KKNHZ.gif", "price": "299", "unit_price": "$.67/ oz", "name": "Nabisco 100 Cal Lorna Doone Cookie Crisps Shortbread - 6 pk", "cnid": "2569", "productId": "143688", "size": "4.44 oz box"},
{"thumb": "http://i4.peapod.com/c/KK/KKNHZ.gif", "price": "299", "unit_price": "$.62/ oz", "name": "Nabisco 100 Cal Oreo Thin Crisps - 6 pk", "cnid": "2569", "productId": "135067", "size": "4.8 oz box"},
{"thumb": "http://i4.peapod.com/c/KK/KKNHZ.gif", "price": "299", "unit_price": "$.65/ oz", "name": "Nabisco 100 Cal Ritz Snack Mix - 6 ct", "cnid": "2569", "productId": "136762", "size": "4.62 oz box"},
{"thumb": "http://i4.peapod.com/c/KK/KKNHZ.gif", "price": "300", "unit_price": "$.34/ oz", "name": "Nabisco belVita Breakfast Biscuits Chocolate - 5 pk", "cnid": "2569", "productId": "188746", "size": "8.81 oz box"},
{"thumb": "http://i4.peapod.com/c/KK/KKNHZ.gif", "price": "549", "unit_price": "$.46/ oz", "name": "Nabisco Chips Ahoy! Cookies Chocolate Chip Mini Snack Packs - 12 pk", "cnid": "2569", "productId": "115078", "size": "12 oz box"},
{"thumb": "http://i4.peapod.com/c/KK/KKNHZ.gif", "price": "549", "unit_price": "$.33/ oz", "name": "Nabisco Chips Ahoy! Cookies Snack Packs - 12 pk", "cnid": "2569", "productId": "60672", "size": "16.7 oz pkg"},
{"thumb": "http://i4.peapod.com/c/KK/KKNHZ.gif", "price": "799", "unit_price": "$.40/ oz", "name": "Nabisco Cookies & Crackers Classic Mix Snack Packs Variety Pack - 20 pk", "cnid": "2569", "productId": "190993", "size": "20 oz box"},
{"thumb": "http://i4.peapod.com/c/KK/KKNHZ.gif", "price": "549", "unit_price": "$.26/ oz", "name": "Nabisco Cookies Chips Ahoy!, Nutter Butter, Oreo Variety Pack - 12 pk", "cnid": "2569", "productId": "114407", "size": "21.2 oz box"},
{"thumb": "http://i4.peapod.com/c/KK/KKNHZ.gif", "price": "299", "unit_price": "$.25/ oz", "name": "Nabisco Honey Maid Fresh Stacks Grahams Honey - 6 pk", "cnid": "2569", "productId": "162627", "size": "12.2 oz pkg"},
{"thumb": "http://i4.peapod.com/c/KK/KKNHZ.gif", "price": "549", "unit_price": "$.23/ oz", "name": "Nabisco Newtons Snack Packs Fig - 12 pk", "cnid": "2569", "productId": "40102", "size": "24 oz pkg"},
{"thumb": "http://i4.peapod.com/c/KK/KKNHZ.gif", "price": "549", "unit_price": "$.22/ oz", "name": "Nabisco Newtons Snack Packs Fig Fat Free - 12 pk", "cnid": "2569", "productId": "80880", "size": "25.2 oz pkg"},
{"thumb": "http://i4.peapod.com/c/KK/KKNHZ.gif", "price": "549", "unit_price": "$.24/ oz", "name": "Nabisco Nutter Butter Cookies Snack Packs - 12 pk", "cnid": "2569", "productId": "40101", "size": "22.8 oz pkg"},
{"thumb": "http://i4.peapod.com/c/KK/KKNHZ.gif", "price": "549", "unit_price": "$.46/ oz", "name": "Nabisco Oreo Cookies Bite Size Mini Snack Packs - 12 pk", "cnid": "2569", "productId": "118907", "size": "12 oz box"},
{"thumb": "http://i4.peapod.com/c/KK/KKNHZ.gif", "price": "549", "unit_price": "$.26/ oz", "name": "Nabisco Oreo Cookies Regular, Golden & Double Stuf Variety Pack - 12 pk", "cnid": "2569", "productId": "142347", "size": "21.2 oz box"},
{"thumb": "http://i4.peapod.com/c/KK/KKNHZ.gif", "price": "549", "unit_price": "$.23/ oz", "name": "Nabisco Oreo Cookies Snack Packs - 12 pk", "cnid": "2569", "productId": "40115", "size": "24 oz pkg"},
{"thumb": "http://i4.peapod.com/c/KK/KKNHZ.gif", "price": "549", "unit_price": "$.46/ oz", "name": "Nabisco Ritz Bits & Mini Chips Ahoy! Variety Pack - 12 pk", "cnid": "2569", "productId": "116197", "size": "12 oz box"},
{"thumb": "http://i4.peapod.com/c/KK/KKNHZ.gif", "price": "549", "unit_price": "$.46/ oz", "name": "Nabisco Ritz Bits Sandwiches with Cheese - 12 ct", "cnid": "2569", "productId": "60671", "size": "12 oz box"},
{"thumb": "http://i4.peapod.com/c/KK/KKNHZ.gif", "price": "299", "unit_price": "$.77/ oz", "name": "Nabisco SnackWell's Cookies Chocolate Chip Fudge Drizzled - 5 pk", "cnid": "2569", "productId": "162601", "size": "3.9 oz box"},
{"thumb": "http://i4.peapod.com/c/KK/KKNHZ.gif", "price": "299", "unit_price": "$.77/ oz", "name": "Nabisco SnackWell's Cookies Double Chocolate Chip Fudge Drizzled - 5 pk", "cnid": "2569", "productId": "162800", "size": "3.9 oz box"},
{"thumb": "http://i4.peapod.com/c/KK/KKNHZ.gif", "price": "299", "unit_price": "$.81/ oz", "name": "Nabisco SnackWell's Fudge Petites Shortbread Fudge - 5 pk", "cnid": "2569", "productId": "162599", "size": "3.7 oz box"},
{"thumb": "http://i4.peapod.com/c/KK/KKNHZ.gif", "price": "549", "unit_price": "$.27/ oz", "name": "Nabisco SnackWell's Sandwich Cookies Creme Vanilla - 12 pk", "cnid": "2569", "productId": "80876", "size": "20.4 oz pkg"},
{"thumb": "http://i4.peapod.com/c/KK/KKNHZ.gif", "price": "549", "unit_price": "$.46/ oz", "name": "Nabisco Teddy Grahams Snack Packs Variety Pack - 12 pk", "cnid": "2569", "productId": "116198", "size": "12 oz pkg"},
{"thumb": "http://i4.peapod.com/c/KK/KKNHZ.gif", "price": "199", "unit_price": "$.50/ oz", "name": "Nature's Promise Naturals Puffs White Cheddar", "cnid": "2569", "productId": "136817", "size": "4 oz bag"},
{"thumb": "http://i4.peapod.com/c/KK/KKNHZ.gif", "price": "150", "unit_price": "$.43/ oz", "name": "Nature's Promise Naturals Soy Crisps Ranch", "cnid": "2569", "productId": "143374", "size": "3.5 oz bag"},
{"thumb": "http://i4.peapod.com/c/KK/KKNHZ.gif", "price": "150", "unit_price": "$.43/ oz", "name": "Nature's Promise Naturals Soy Crisps Zesty Barbeque", "cnid": "2569", "productId": "143373", "size": "3.5 oz bag"},
{"thumb": "http://i4.peapod.com/c/KK/KKNHZ.gif", "price": "199", "unit_price": "$.22/ oz", "name": "Nature's Promise Naturals Tortilla Chips Blue Corn Restaurant Style", "cnid": "2569", "productId": "136074", "size": "9 oz bag"},
{"thumb": "http://i4.peapod.com/c/KK/KKNHZ.gif", "price": "199", "unit_price": "$.22/ oz", "name": "Nature's Promise Naturals Tortilla Chips Yellow Corn Restaurant Style", "cnid": "2569", "productId": "136073", "size": "9 oz bag"},
{"thumb": "http://i4.peapod.com/c/KK/KKNHZ.gif", "price": "350", "unit_price": "$.47/ oz", "name": "Nature's Promise Naturals Vegetable Chips", "cnid": "2569", "productId": "136687", "size": "7.5 oz bag"},
{"thumb": "http://i4.peapod.com/c/KK/KKNHZ.gif", "price": "350", "unit_price": "$.44/ oz", "name": "Nature's Promise Naturals Vegetable Sticks", "cnid": "2569", "productId": "136688", "size": "8 oz bag"},
{"thumb": "http://i4.peapod.com/c/KK/KKNHZ.gif", "price": "350", "unit_price": "$.58/ oz", "name": "New York Style Original Bagel Crisps Cinnamon Raisin All Natural", "cnid": "2569", "productId": "9596", "size": "6 oz bag"},
{"thumb": "http://i4.peapod.com/c/KK/KKNHZ.gif", "price": "350", "unit_price": "$.58/ oz", "name": "New York Style Original Bagel Crisps Everything All Natural", "cnid": "2569", "productId": "163876", "size": "6 oz bag"},
{"thumb": "http://i4.peapod.com/c/KK/KKNHZ.gif", "price": "350", "unit_price": "$.58/ oz", "name": "New York Style Original Bagel Crisps Plain All Natural", "cnid": "2569", "productId": "157629", "size": "6 oz bag"},
{"thumb": "http://i4.peapod.com/c/KK/KKNHZ.gif", "price": "350", "unit_price": "$.58/ oz", "name": "New York Style Original Bagel Crisps Roasted Garlic All Natural", "cnid": "2569", "productId": "9592", "size": "6 oz bag"},
{"thumb": "http://i4.peapod.com/c/KK/KKNHZ.gif", "price": "369", "unit_price": "$.54/ oz", "name": "Nonni's Biscotti Cioccolati - 6 pk", "cnid": "2569", "productId": "106494", "size": "6.88 oz box"},
{"thumb": "http://i4.peapod.com/c/KK/KKNHZ.gif", "price": "369", "unit_price": "$.54/ oz", "name": "Nonni's Biscotti Decadence - 6 pk", "cnid": "2569", "productId": "116108", "size": "6.88 oz box"},
{"thumb": "http://i4.peapod.com/c/KK/KKNHZ.gif", "price": "300", "unit_price": "$.25/ oz", "name": "On The Border Cafe Style Tortilla Chips", "cnid": "2569", "productId": "65214", "size": "12 oz bag"},
{"thumb": "http://i4.peapod.com/c/KK/KKNHZ.gif", "price": "329", "unit_price": "$1.01/ oz", "name": "Pepperidge Farm 100 Calorie Pouches Milano Cookies - 5 pk", "cnid": "2569", "productId": "154377", "size": "3.25 oz box"},
{"thumb": "http://i4.peapod.com/c/KK/KKNHZ.gif", "price": "549", "unit_price": "$.35/ oz", "name": "Pepperidge Farm Cookies Nantucket Chocolate Chunk Mini - 9 pk", "cnid": "2569", "productId": "116189", "size": "15.7 oz pkg"},
{"thumb": "http://i4.peapod.com/c/KK/KKNHZ.gif", "price": "549", "unit_price": "$.51/ oz", "name": "Pepperidge Farm On The Go Cookies Milano - 9 pk", "cnid": "2569", "productId": "116188", "size": "10.8 oz pkg"},
{"thumb": "http://i4.peapod.com/c/KK/KKNHZ.gif", "price": "339", "unit_price": "$.56/ oz", "name": "Pirate Brands Original Tings Crunchy Corn Sticks All Natural Gluten Free", "cnid": "2569", "productId": "139317", "size": "6 oz bag"},
{"thumb": "http://i4.peapod.com/c/KK/KKNHZ.gif", "price": "339", "unit_price": "$.85/ oz", "name": "Pirate Brands Pirate's Booty Aged White Cheddar All Natural", "cnid": "2569", "productId": "118504", "size": "4 oz bag"},
{"thumb": "http://i4.peapod.com/c/KK/KKNHZ.gif", "price": "599", "unit_price": "$1.00/ oz", "name": "Pirate Brands Pirate's Booty Aged White Cheddar All Natural - 6 ct", "cnid": "2569", "productId": "139743", "size": "6 oz bag"},
{"thumb": "http://i4.peapod.com/c/KK/KKNHZ.gif", "price": "339", "unit_price": "$.85/ oz", "name": "Pirate Brands Pirate's Booty Veggie All Natural", "cnid": "2569", "productId": "118505", "size": "4 oz bag"},
{"thumb": "http://i4.peapod.com/c/KK/KKNHZ.gif", "price": "339", "unit_price": "$.75/ oz", "name": "Pirate Brands Smart Puffs Real Wisconsin Cheddar All Natural", "cnid": "2569", "productId": "124162", "size": "4.5 oz bag"},
{"thumb": "http://i4.peapod.com/c/KK/KKNHZ.gif", "price": "599", "unit_price": "$.73/ oz", "name": "Pirate Brands Smart Puffs Real Wisconsin Cheddar All Natural - 6 pk", "cnid": "2569", "productId": "155662", "size": "8.25 oz pkg"},
{"thumb": "http://i4.peapod.com/c/KK/KKNHZ.gif", "price": "299", "unit_price": "$1.00/ oz", "name": "popchips Potato Chips Barbeque All Natural", "cnid": "2569", "productId": "156596", "size": "3 oz bag"},
{"thumb": "http://i4.peapod.com/c/KK/KKNHZ.gif", "price": "299", "unit_price": "$1.00/ oz", "name": "popchips Potato Chips Original All Natural", "cnid": "2569", "productId": "156595", "size": "3 oz bag"},
{"thumb": "http://i4.peapod.com/c/KK/KKNHZ.gif", "price": "299", "unit_price": "$1.00/ oz", "name": "popchips Potato Chips Sour Cream & Onion All Natural", "cnid": "2569", "productId": "159581", "size": "3 oz bag"},
{"thumb": "http://i4.peapod.com/c/KK/KKNHZ.gif", "price": "319", "unit_price": "$.55/ oz", "name": "Pringles Light Potato Crisps Original Fat Free", "cnid": "2569", "productId": "68769", "size": "5.82 oz can"},
{"thumb": "http://i4.peapod.com/c/KK/KKNHZ.gif", "price": "179", "unit_price": "$.28/ oz", "name": "Pringles Potato Crisps BBQ", "cnid": "2569", "productId": "14466", "size": "6.38 oz can"},
{"thumb": "http://i4.peapod.com/c/KK/KKNHZ.gif", "price": "179", "unit_price": "$.31/ oz", "name": "Pringles Potato Crisps Original", "cnid": "2569", "productId": "3643", "size": "5.68 oz can"},
{"thumb": "http://i4.peapod.com/c/KK/KKNHZ.gif", "price": "179", "unit_price": "$.34/ oz", "name": "Pringles Potato Crisps Original Reduced Fat", "cnid": "2569", "productId": "3651", "size": "5.32 oz can"},
{"thumb": "http://i4.peapod.com/c/KK/KKNHZ.gif", "price": "335", "unit_price": "$.62/ oz", "name": "Pringles Potato Crisps Original Snack Stacks - 8 pk", "cnid": "2569", "productId": "137872", "size": "5.36 oz pkg"},
{"thumb": "http://i4.peapod.com/c/KK/KKNHZ.gif", "price": "179", "unit_price": "$.28/ oz", "name": "Pringles Potato Crisps Salt & Vinegar", "cnid": "2569", "productId": "111778", "size": "6.38 oz can"},
{"thumb": "http://i4.peapod.com/c/KK/KKNHZ.gif", "price": "429", "unit_price": "$.50/ oz", "name": "Ruffles Potato Chips Cheddar & Sour Cream", "cnid": "2569", "productId": "2703", "size": "8.5 oz bag"},
{"thumb": "http://i4.peapod.com/c/KK/KKNHZ.gif", "price": "429", "unit_price": "$.48/ oz", "name": "Ruffles Potato Chips Original", "cnid": "2569", "productId": "12822", "size": "9 oz bag"},
{"thumb": "http://i4.peapod.com/c/KK/KKNHZ.gif", "price": "429", "unit_price": "$.50/ oz", "name": "Ruffles Potato Chips Reduced Fat", "cnid": "2569", "productId": "38416", "size": "8.5 oz bag"},
{"thumb": "http://i4.peapod.com/c/KK/KKNHZ.gif", "price": "429", "unit_price": "$.50/ oz", "name": "Ruffles Potato Chips Sour Cream & Onion", "cnid": "2569", "productId": "132374", "size": "8.5 oz bag"},
{"thumb": "http://i4.peapod.com/c/KK/KKNHZ.gif", "price": "329", "unit_price": "$.21/ oz", "name": "Snyder's of Hanover Tortilla Chips White Corn", "cnid": "2569", "productId": "140321", "size": "16 oz bag"},
{"thumb": "http://i4.peapod.com/c/KK/KKNHZ.gif", "price": "349", "unit_price": "$.44/ oz", "name": "Stacy's Pita Chips Cinnamon Sugar", "cnid": "2569", "productId": "129643", "size": "8 oz bag"},
{"thumb": "http://i4.peapod.com/c/KK/KKNHZ.gif", "price": "349", "unit_price": "$.44/ oz", "name": "Stacy's Pita Chips Parmesan, Garlic & Herb", "cnid": "2569", "productId": "129642", "size": "8 oz bag"},
{"thumb": "http://i4.peapod.com/c/KK/KKNHZ.gif", "price": "349", "unit_price": "$.44/ oz", "name": "Stacy's Pita Chips Simply Naked", "cnid": "2569", "productId": "137668", "size": "8 oz bag"},
{"thumb": "http://i4.peapod.com/c/KK/KKNHZ.gif", "price": "250", "unit_price": "$.25/ oz", "name": "Stop & Shop Potato Chips Barbecue Flavored", "cnid": "2569", "productId": "178289", "size": "10 oz bag"},
{"thumb": "http://i4.peapod.com/c/KK/KKNHZ.gif", "price": "250", "unit_price": "$.25/ oz", "name": "Stop & Shop Potato Chips Classic", "cnid": "2569", "productId": "72310", "size": "10 oz bag"},
{"thumb": "http://i4.peapod.com/c/KK/KKNHZ.gif", "price": "250", "unit_price": "$.25/ oz", "name": "Stop & Shop Potato Chips Rippled", "cnid": "2569", "productId": "178291", "size": "10 oz bag"},
{"thumb": "http://i4.peapod.com/c/KK/KKNHZ.gif", "price": "250", "unit_price": "$.25/ oz", "name": "Stop & Shop Potato Chips Sour Cream & Onion", "cnid": "2569", "productId": "178290", "size": "10 oz bag"},
{"thumb": "http://i4.peapod.com/c/KK/KKNHZ.gif", "price": "179", "unit_price": "$.26/ oz", "name": "Stop & Shop Potato Sticks", "cnid": "2569", "productId": "57395", "size": "7 oz can"},
{"thumb": "http://i4.peapod.com/c/KK/KKNHZ.gif", "price": "499", "unit_price": "$.40/ oz", "name": "Stop & Shop Snack Mix Spicy", "cnid": "2569", "productId": "191970", "size": "12.5 oz tub"},
{"thumb": "http://i4.peapod.com/c/KK/KKNHZ.gif", "price": "200", "unit_price": "$.15/ oz", "name": "Stop & Shop Tortilla Chips Restaurant Style 100% White Corn", "cnid": "2569", "productId": "178292", "size": "13 oz bag"},
{"thumb": "http://i4.peapod.com/c/KK/KKNHZ.gif", "price": "329", "unit_price": "$.31/ oz", "name": "Sun Chips Multigrain Snacks French Onion", "cnid": "2569", "productId": "14570", "size": "10.5 oz bag"},
{"thumb": "http://i4.peapod.com/c/KK/KKNHZ.gif", "price": "329", "unit_price": "$.29/ oz", "name": "Sun Chips Multigrain Snacks Garden Salsa", "cnid": "2569", "productId": "140782", "size": "11.5 oz bag"},
{"thumb": "http://i4.peapod.com/c/KK/KKNHZ.gif", "price": "329", "unit_price": "$.31/ oz", "name": "Sun Chips Multigrain Snacks Harvest Cheddar", "cnid": "2569", "productId": "14571", "size": "10.5 oz bag"},
{"thumb": "http://i4.peapod.com/c/KK/KKNHZ.gif", "price": "329", "unit_price": "$.31/ oz", "name": "Sun Chips Multigrain Snacks Original", "cnid": "2569", "productId": "14569", "size": "10.5 oz bag"},
{"thumb": "http://i4.peapod.com/c/KK/KKNHZ.gif", "price": "350", "unit_price": "$.33/ oz", "name": "Sunshine Cheez-It Snack Mix", "cnid": "2569", "productId": "25420", "size": "10.5 oz box"},
{"thumb": "http://i4.peapod.com/c/KK/KKNHZ.gif", "price": "350", "unit_price": "$.36/ oz", "name": "Sunshine Cheez-It Snack Mix Double Cheese", "cnid": "2569", "productId": "170278", "size": "9.75 oz box"},
{"thumb": "http://i4.peapod.com/c/KK/KKNHZ.gif", "price": "429", "unit_price": "$.44/ oz", "name": "Tostitos Artisan Recipes Flavored Tortilla Chips Roasted Garlic Black Bean", "cnid": "2569", "productId": "162523", "size": "9.75 oz bag"},
{"thumb": "http://i4.peapod.com/c/KK/KKNHZ.gif", "price": "399", "unit_price": "$.44/ oz", "name": "Tostitos Baked Scoops! Tortilla Chips", "cnid": "2569", "productId": "142959", "size": "9 oz bag"},
{"thumb": "http://i4.peapod.com/c/KK/KKNHZ.gif", "price": "429", "unit_price": "$.43/ oz", "name": "Tostitos Scoops! Multigrain", "cnid": "2569", "productId": "175833", "size": "10 oz bag"},
{"thumb": "http://i4.peapod.com/c/KK/KKNHZ.gif", "price": "429", "unit_price": "$.43/ oz", "name": "Tostitos Scoops! Tortilla Chips", "cnid": "2569", "productId": "125495", "size": "10 oz bag"},
{"thumb": "http://i4.peapod.com/c/KK/KKNHZ.gif", "price": "399", "unit_price": "$.28/ oz", "name": "Tostitos Scoops! Tortilla Chips Family Size", "cnid": "2569", "productId": "134551", "size": "14.5 oz bag"},
{"thumb": "http://i4.peapod.com/c/KK/KKNHZ.gif", "price": "399", "unit_price": "$.44/ oz", "name": "Tostitos Simply Natural Tortilla Chips YellowCorn Organic", "cnid": "2569", "productId": "134543", "size": "9 oz bag"},
{"thumb": "http://i4.peapod.com/c/KK/KKNHZ.gif", "price": "429", "unit_price": "$.33/ oz", "name": "Tostitos Tortilla Chips Bite Size White Corn", "cnid": "2569", "productId": "2728", "size": "13 oz bag"},
{"thumb": "http://i4.peapod.com/c/KK/KKNHZ.gif", "price": "429", "unit_price": "$.48/ oz", "name": "Tostitos Tortilla Chips Multigrain", "cnid": "2569", "productId": "141981", "size": "9 oz bag"},
{"thumb": "http://i4.peapod.com/c/KK/KKNHZ.gif", "price": "399", "unit_price": "$.44/ oz", "name": "Tostitos Tortilla Chips Natural Blue Corn", "cnid": "2569", "productId": "132743", "size": "9 oz bag"},
{"thumb": "http://i4.peapod.com/c/KK/KKNHZ.gif", "price": "429", "unit_price": "$.33/ oz", "name": "Tostitos Tortilla Chips Restaurant Style Stone Ground White Corn", "cnid": "2569", "productId": "18612", "size": "13 oz bag"},
{"thumb": "http://i4.peapod.com/c/KK/KKNHZ.gif", "price": "399", "unit_price": "$.22/ oz", "name": "Tostitos Tortilla Chips Restaurant Style White Corn Family Size", "cnid": "2569", "productId": "26218", "size": "18 oz bag"},
{"thumb": "http://i4.peapod.com/c/KK/KKNHZ.gif", "price": "429", "unit_price": "$.33/ oz", "name": "Tostitos Tortilla Chips Stone Ground White Corn Hint of Lime", "cnid": "2569", "productId": "101968", "size": "13 oz bag"},
{"thumb": "http://i4.peapod.com/c/KK/KKNHZ.gif", "price": "349", "unit_price": "$.35/ oz", "name": "Utz Potato Chips Honey Barbecue", "cnid": "2569", "productId": "127380", "size": "10 oz bag"},
{"thumb": "http://i4.peapod.com/c/KK/KKNHZ.gif", "price": "349", "unit_price": "$.35/ oz", "name": "Utz Potato Chips No Salt Added All Natural", "cnid": "2569", "productId": "142954", "size": "10 oz bag"},
{"thumb": "http://i4.peapod.com/c/KK/KKNHZ.gif", "price": "349", "unit_price": "$.35/ oz", "name": "Utz Potato Chips Regular Family Size All Natural", "cnid": "2569", "productId": "120126", "size": "10 oz bag"},
{"thumb": "http://i4.peapod.com/c/KK/KKNHZ.gif", "price": "349", "unit_price": "$.35/ oz", "name": "Utz Potato Chips Ripple Cut", "cnid": "2569", "productId": "120127", "size": "10 oz bag"},
{"thumb": "http://i4.peapod.com/c/KK/KKNHZ.gif", "price": "349", "unit_price": "$.35/ oz", "name": "Utz Potato Chips Sour Cream & Onion Ripple Cut", "cnid": "2569", "productId": "127382", "size": "10 oz bag"},
{"thumb": "http://i4.peapod.com/c/KK/KKNHZ.gif", "price": "250", "unit_price": "$.26/ oz", "name": "Wise Cheez Doodles Puffed", "cnid": "2569", "productId": "149405", "size": "9.5 oz bag"},
{"thumb": "http://i4.peapod.com/c/KK/KKNHZ.gif", "price": "200", "unit_price": "$.29/ oz", "name": "Wise Potato Chips All Natural", "cnid": "2569", "productId": "37526", "size": "7 oz bag"},
{"thumb": "http://i4.peapod.com/c/KK/KKNHZ.gif", "price": "200", "unit_price": "$.30/ oz", "name": "Wise Ridgies Potato Chips Sour Cream & Onion", "cnid": "2569", "productId": "149411", "size": "6.75 oz bag"},
{"thumb": "http://i4.peapod.com/c/KK/KKNHZ.gif", "price": "459", "unit_price": "$.46/ oz", "name": "3 Musketeers Bars Miniatures", "cnid": "2544", "productId": "49891", "size": "10 oz bag"},
{"thumb": "http://i4.peapod.com/c/KK/KKNHZ.gif", "price": "150", "unit_price": "$.31/ oz", "name": "Almond Joy Milk Chocolate Candy Bar with Coconut & Almonds - 8 ct", "cnid": "2544", "productId": "153871", "size": "4.8 oz pkg"},
{"thumb": "http://i4.peapod.com/c/KK/KKNHZ.gif", "price": "333", "unit_price": "$.33/ oz", "name": "Almond Joy Pieces Candy Pouch", "cnid": "2544", "productId": "157508", "size": "10 oz bag"},
{"thumb": "http://i4.peapod.com/c/KK/KKNHZ.gif", "price": "219", "unit_price": "$1.24/ oz", "name": "Altoids Curiously Strong Mints Wintergreen", "cnid": "2544", "productId": "163840", "size": "1.76 oz tin"},
{"thumb": "http://i4.peapod.com/c/KK/KKNHZ.gif", "price": "219", "unit_price": "$1.24/ oz", "name": "Altoids Curiously Strong Peppermint Mints", "cnid": "2544", "productId": "15082", "size": "1.76 oz tin"},
{"thumb": "http://i4.peapod.com/c/KK/KKNHZ.gif", "price": "225", "unit_price": "$.48/ oz", "name": "Andes Chocolate Mints Creme De Menthe - 28 ct", "cnid": "2544", "productId": "12821", "size": "4.67 oz box"},
{"thumb": "http://i4.peapod.com/c/KK/KKNHZ.gif", "price": "649", "unit_price": "$1.08/ oz", "name": "Atkins Endulge Peanut Butter Cups - 5 ct", "cnid": "2544", "productId": "132635", "size": "6 oz box"},
{"thumb": "http://i4.peapod.com/c/KK/KKNHZ.gif", "price": "159", "unit_price": "$.18/ oz", "name": "Brach's Jelly Bird Eggs Classic", "cnid": "2544", "productId": "13192", "size": "9 oz bag"},
{"thumb": "http://i4.peapod.com/c/KK/KKNHZ.gif", "price": "159", "unit_price": "$.18/ oz", "name": "Brach's Jelly Bird Eggs Spiced", "cnid": "2544", "productId": "157450", "size": "9 oz bag"},
{"thumb": "http://i4.peapod.com/c/KK/KKNHZ.gif", "price": "299", "unit_price": "$.60/ ea", "name": "Breathsavers Mints Peppermint Sugar Free - 5 rolls", "cnid": "2544", "productId": "99678", "size": "5 roll pkg"},
{"thumb": "http://i4.peapod.com/c/KK/KKNHZ.gif", "price": "299", "unit_price": "$.60/ ea", "name": "Breathsavers Mints Wintergreen Sugar Free - 5 rolls", "cnid": "2544", "productId": "99680", "size": "5 roll pkg"},
{"thumb": "http://i4.peapod.com/c/KK/KKNHZ.gif", "price": "329", "unit_price": "$.69/ oz", "name": "Cadbury Caramel Eggs - 4 ct", "cnid": "2544", "productId": "49272", "size": "4.8 oz pkg"},
{"thumb": "http://i4.peapod.com/c/KK/KKNHZ.gif", "price": "329", "unit_price": "$.69/ oz", "name": "Cadbury Creme Eggs - 4 ct", "cnid": "2544", "productId": "18792", "size": "4.8 oz box"},
{"thumb": "http://i4.peapod.com/c/KK/KKNHZ.gif", "price": "200", "unit_price": "$.57/ oz", "name": "Cadbury Dairy Milk Chocolate Bar", "cnid": "2544", "productId": "6612", "size": "3.5 oz bar"},
{"thumb": "http://i4.peapod.com/c/KK/KKNHZ.gif", "price": "200", "unit_price": "$.57/ oz", "name": "Cadbury Fruit & Nut Milk Chocolate Bar with Raisins & Almonds", "cnid": "2544", "productId": "6613", "size": "3.5 oz bar"},
{"thumb": "http://i4.peapod.com/c/KK/KKNHZ.gif", "price": "369", "unit_price": "$.37/ oz", "name": "Cadbury Milk Chocolate Mini Eggs", "cnid": "2544", "productId": "40527", "size": "10 oz bag"},
{"thumb": "http://i4.peapod.com/c/KK/KKNHZ.gif", "price": "299", "unit_price": "$.29/ oz", "name": "Charms Blow Pops Bubble Gum Filled Assorted Flavors", "cnid": "2544", "productId": "79409", "size": "10.4 oz bag"},
{"thumb": "http://i4.peapod.com/c/KK/KKNHZ.gif", "price": "279", "unit_price": "$.08/ ea", "name": "Dentyne Ice Gum Peppermint - 3 pk", "cnid": "2544", "productId": "119098", "size": "36 ct pkg"},
{"thumb": "http://i4.peapod.com/c/KK/KKNHZ.gif", "price": "479", "unit_price": "$.50/ oz", "name": "Dove Promises Silky Smooth Milk Chocolate", "cnid": "2544", "productId": "130688", "size": "9.5 oz bag"},
{"thumb": "http://i4.peapod.com/c/KK/KKNHZ.gif", "price": "199", "unit_price": "$.66/ oz", "name": "Elite Bittersweet Chocolate Bar Kosher for Passover", "cnid": "2544", "productId": "130111", "size": "3 oz bar"},
{"thumb": "http://i4.peapod.com/c/KK/KKNHZ.gif", "price": "299", "unit_price": "$1.00/ oz", "name": "Endangered Species Dark Chocolate 72% Cocoa All Natural", "cnid": "2544", "productId": "155697", "size": "3 oz bar"},
{"thumb": "http://i4.peapod.com/c/KK/KKNHZ.gif", "price": "299", "unit_price": "$1.00/ oz", "name": "Endangered Species Dark Chocolate w/Cranberries/Almonds 72% Cocoa Natural", "cnid": "2544", "productId": "155131", "size": "3 oz bar"},
{"thumb": "http://i4.peapod.com/c/KK/KKNHZ.gif", "price": "299", "unit_price": "$1.00/ oz", "name": "Endangered Species Dark Chocolate w/Espresso Beans 72% Cocoa All Natural", "cnid": "2544", "productId": "155698", "size": "3 oz bar"},
{"thumb": "http://i4.peapod.com/c/KK/KKNHZ.gif", "price": "350", "unit_price": "$.66/ oz", "name": "Ferrero Rocher Chocolates Hazelnut - 12 ct", "cnid": "2544", "productId": "99628", "size": "5.3 oz pkg"},
{"thumb": "http://i4.peapod.com/c/KK/KKNHZ.gif", "price": "299", "unit_price": "$.25/ oz", "name": "Goetze Caramel Creams", "cnid": "2544", "productId": "33723", "size": "12 oz bag"},
{"thumb": "http://i4.peapod.com/c/KK/KKNHZ.gif", "price": "125", "unit_price": "$.21/ oz", "name": "Good & Plenty Theatre Box", "cnid": "2544", "productId": "153894", "size": "6 oz box"},
{"thumb": "http://i4.peapod.com/c/KK/KKNHZ.gif", "price": "349", "unit_price": "$1.00/ oz", "name": "Green & Black's Dark Chocolate Bar with Hazelnuts & Currants Organic", "cnid": "2544", "productId": "142566", "size": "3.5 oz bar"},
{"thumb": "http://i4.peapod.com/c/KK/KKNHZ.gif", "price": "349", "unit_price": "$1.00/ oz", "name": "Green & Black's Milk Chocolate Bar 34% Cocoa Organic", "cnid": "2544", "productId": "142568", "size": "3.5 oz bar"},
{"thumb": "http://i4.peapod.com/c/KK/KKNHZ.gif", "price": "150", "unit_price": "$.42/ oz", "name": "Hershey's Bars Milk Chocolate Fun Size - 8 ct", "cnid": "2544", "productId": "145851", "size": "3.6 oz pkg"},
{"thumb": "http://i4.peapod.com/c/KK/KKNHZ.gif", "price": "400", "unit_price": "$.42/ oz", "name": "Hershey's Bliss Dark Chocolate", "cnid": "2544", "productId": "153833", "size": "9.6 oz bag"},
{"thumb": "http://i4.peapod.com/c/KK/KKNHZ.gif", "price": "400", "unit_price": "$.42/ oz", "name": "Hershey's Bliss Milk Chocolate", "cnid": "2544", "productId": "153832", "size": "9.6 oz bag"},
{"thumb": "http://i4.peapod.com/c/KK/KKNHZ.gif", "price": "369", "unit_price": "$.37/ oz", "name": "Hershey's Eggs Milk Chocolate Pastels", "cnid": "2544", "productId": "13180", "size": "10 oz bag"},
{"thumb": "http://i4.peapod.com/c/KK/KKNHZ.gif", "price": "369", "unit_price": "$.37/ oz", "name": "Hershey's Eggs Special Dark Chocolate Pastels", "cnid": "2544", "productId": "156463", "size": "10 oz bag"},
{"thumb": "http://i4.peapod.com/c/KK/KKNHZ.gif", "price": "210", "unit_price": "$.17/ oz", "name": "Hershey's Kisses Milk Chocolate Classic Bag", "cnid": "2544", "productId": "3209", "size": "12 oz bag"},
{"thumb": "http://i4.peapod.com/c/KK/KKNHZ.gif", "price": "599", "unit_price": "$.30/ oz", "name": "Hershey's Kisses Milk Chocolate Family Bag", "cnid": "2544", "productId": "26976", "size": "19.7 oz bag"},
{"thumb": "http://i4.peapod.com/c/KK/KKNHZ.gif", "price": "369", "unit_price": "$.34/ oz", "name": "Hershey's Kisses Milk Chocolate Pastels", "cnid": "2544", "productId": "24522", "size": "11 oz bag"},
{"thumb": "http://i4.peapod.com/c/KK/KKNHZ.gif", "price": "210", "unit_price": "$.19/ oz", "name": "Hershey's Kisses Milk Chocolate with Almonds Classic Bag", "cnid": "2544", "productId": "26974", "size": "11 oz bag"},
{"thumb": "http://i4.peapod.com/c/KK/KKNHZ.gif", "price": "210", "unit_price": "$.17/ oz", "name": "Hershey's Kisses Special Dark Chocolate Classic Bag", "cnid": "2544", "productId": "146286", "size": "12 oz bag"},
{"thumb": "http://i4.peapod.com/c/KK/KKNHZ.gif", "price": "499", "unit_price": "$.55/ oz", "name": "Hershey's Kit Kat Candy Bars - 6 ct", "cnid": "2544", "productId": "3222", "size": "9 oz pkg"},
{"thumb": "http://i4.peapod.com/c/KK/KKNHZ.gif", "price": "150", "unit_price": "$.38/ oz", "name": "Hershey's Kit Kat Candy Bars - 8 ct", "cnid": "2544", "productId": "102402", "size": "3.92 oz pkg"},
{"thumb": "http://i4.peapod.com/c/KK/KKNHZ.gif", "price": "200", "unit_price": "$.46/ oz", "name": "Hershey's Milk Chocolate Bar", "cnid": "2544", "productId": "3215", "size": "4.4 oz bar"},
{"thumb": "http://i4.peapod.com/c/KK/KKNHZ.gif", "price": "499", "unit_price": "$.54/ oz", "name": "Hershey's Milk Chocolate Bars - 6 ct", "cnid": "2544", "productId": "3221", "size": "9.3 oz pkg"},
{"thumb": "http://i4.peapod.com/c/KK/KKNHZ.gif", "price": "499", "unit_price": "$.57/ oz", "name": "Hershey's Milk Chocolate Bars with Almonds - 6 ct", "cnid": "2544", "productId": "74320", "size": "8.7 oz pkg"},
{"thumb": "http://i4.peapod.com/c/KK/KKNHZ.gif", "price": "200", "unit_price": "$.47/ oz", "name": "Hershey's Milk Chocolate Bar with Almonds", "cnid": "2544", "productId": "3216", "size": "4.25 oz bar"},
{"thumb": "http://i4.peapod.com/c/KK/KKNHZ.gif", "price": "369", "unit_price": "$.37/ oz", "name": "Hershey's Milk Chocolate Extra Creamy Eggs", "cnid": "2544", "productId": "188308", "size": "10 oz bag"},
{"thumb": "http://i4.peapod.com/c/KK/KKNHZ.gif", "price": "125", "unit_price": "$.25/ oz", "name": "Hershey's Milk Duds Candy Theatre Box", "cnid": "2544", "productId": "145880", "size": "5 oz box"},
{"thumb": "http://i4.peapod.com/c/KK/KKNHZ.gif", "price": "369", "unit_price": "$.34/ oz", "name": "Hershey's Miniatures (Milk & Dark Chocolate/Mr. Goodbar/Krackel) Pastels", "cnid": "2544", "productId": "24520", "size": "11 oz bag"},
{"thumb": "http://i4.peapod.com/c/KK/KKNHZ.gif", "price": "599", "unit_price": "$.30/ oz", "name": "Hershey's Miniatures Assorted Family Bag", "cnid": "2544", "productId": "129717", "size": "19.7 oz bag"},
{"thumb": "http://i4.peapod.com/c/KK/KKNHZ.gif", "price": "210", "unit_price": "$.17/ oz", "name": "Hershey's Miniatures Chocolates Assorted", "cnid": "2544", "productId": "26971", "size": "12 oz bag"},
{"thumb": "http://i4.peapod.com/c/KK/KKNHZ.gif", "price": "210", "unit_price": "$.17/ oz", "name": "Hershey's Nuggets Milk Chocolate Classic Bag", "cnid": "2544", "productId": "34281", "size": "12 oz bag"},
{"thumb": "http://i4.peapod.com/c/KK/KKNHZ.gif", "price": "210", "unit_price": "$.17/ oz", "name": "Hershey's Nuggets Milk Chocolate with Almonds", "cnid": "2544", "productId": "39836", "size": "12 oz bag"},
{"thumb": "http://i4.peapod.com/c/KK/KKNHZ.gif", "price": "210", "unit_price": "$.17/ oz", "name": "Hershey's Nuggets Special Dark Chocolate with Almonds", "cnid": "2544", "productId": "102152", "size": "12 oz bag"},
{"thumb": "http://i4.peapod.com/c/KK/KKNHZ.gif", "price": "200", "unit_price": "$.47/ oz", "name": "Hershey's Special Dark Chocolate Bar", "cnid": "2544", "productId": "3217", "size": "4.25 oz bar"},
{"thumb": "http://i4.peapod.com/c/KK/KKNHZ.gif", "price": "259", "unit_price": "$.86/ oz", "name": "Hershey's Special Dark Dark Chocolates Sugar Free", "cnid": "2544", "productId": "129726", "size": "3 oz bag"},
{"thumb": "http://i4.peapod.com/c/KK/KKNHZ.gif", "price": "169", "unit_price": "$.28/ oz", "name": "Jujyfruits Candy", "cnid": "2544", "productId": "33743", "size": "6 oz box"},
{"thumb": "http://i4.peapod.com/c/KK/KKNHZ.gif", "price": "125", "unit_price": "$.12/ oz", "name": "Kraft Jet-Puffed Marshmallows", "cnid": "2544", "productId": "1869", "size": "10 oz bag"},
{"thumb": "http://i4.peapod.com/c/KK/KKNHZ.gif", "price": "239", "unit_price": "$.34/ oz", "name": "Lifesavers Gummies 5 Flavors", "cnid": "2544", "productId": "155654", "size": "7 oz bag"},
{"thumb": "http://i4.peapod.com/c/KK/KKNHZ.gif", "price": "249", "unit_price": "$.40/ oz", "name": "Lifesavers Hard Candy Five Flavors", "cnid": "2544", "productId": "30668", "size": "6.25 oz bag"},
{"thumb": "http://i4.peapod.com/c/KK/KKNHZ.gif", "price": "249", "unit_price": "$.90/ oz", "name": "Lifesavers Hard Candy Wint O Green Sugar Free", "cnid": "2544", "productId": "162215", "size": "2.75 oz bag"},
{"thumb": "http://i4.peapod.com/c/KK/KKNHZ.gif", "price": "279", "unit_price": "$.80/ oz", "name": "Lindt Excellence Dark Chocolate Bar Extra Fine 85% Cocoa", "cnid": "2544", "productId": "159782", "size": "3.5 oz bar"},
{"thumb": "http://i4.peapod.com/c/KK/KKNHZ.gif", "price": "279", "unit_price": "$.80/ oz", "name": "Lindt Excellence Dark Chocolate Bar Intense Orange", "cnid": "2544", "productId": "162204", "size": "3.5 oz bar"},
{"thumb": "http://i4.peapod.com/c/KK/KKNHZ.gif", "price": "399", "unit_price": "$1.14/ oz", "name": "Lindt Gold Bunny Dark Chocolate", "cnid": "2544", "productId": "162196", "size": "3.5 oz pkg"},
{"thumb": "http://i4.peapod.com/c/KK/KKNHZ.gif", "price": "399", "unit_price": "$1.14/ oz", "name": "Lindt Gold Bunny Milk Chocolate", "cnid": "2544", "productId": "153877", "size": "3.5 oz pkg"},
{"thumb": "http://i4.peapod.com/c/KK/KKNHZ.gif", "price": "659", "unit_price": "$.34/ oz", "name": "M&M's Candies Milk Chocolate", "cnid": "2544", "productId": "130690", "size": "19.2 oz bag"},
{"thumb": "http://i4.peapod.com/c/KK/KKNHZ.gif", "price": "399", "unit_price": "$.32/ oz", "name": "M&M's Candies Milk Chocolate", "cnid": "2544", "productId": "4074", "size": "12.6 oz bag"},
{"thumb": "http://i4.peapod.com/c/KK/KKNHZ.gif", "price": "399", "unit_price": "$.32/ oz", "name": "M&M's Candies Milk Chocolate Bunny Mix Pastels", "cnid": "2544", "productId": "13179", "size": "12.6 oz bag"},
{"thumb": "http://i4.peapod.com/c/KK/KKNHZ.gif", "price": "399", "unit_price": "$.32/ oz", "name": "M&M's Candies Milk Chocolate Peanut", "cnid": "2544", "productId": "4075", "size": "12.6 oz bag"},
{"thumb": "http://i4.peapod.com/c/KK/KKNHZ.gif", "price": "659", "unit_price": "$.34/ oz", "name": "M&M's Candies Milk Chocolate Peanut", "cnid": "2544", "productId": "74324", "size": "19.2 oz bag"},
{"thumb": "http://i4.peapod.com/c/KK/KKNHZ.gif", "price": "399", "unit_price": "$.32/ oz", "name": "M&M's Candies Milk Chocolate Peanut Bunny Mix Pastels", "cnid": "2544", "productId": "13177", "size": "12.6 oz bag"},
{"thumb": "http://i4.peapod.com/c/KK/KKNHZ.gif", "price": "399", "unit_price": "$.40/ oz", "name": "M&M's Candies Milk Chocolate Pretzel", "cnid": "2544", "productId": "162205", "size": "9.9 oz bag"},
{"thumb": "http://i4.peapod.com/c/KK/KKNHZ.gif", "price": "399", "unit_price": "$.40/ oz", "name": "M&M's Candies Milk Chocolate Pretzels Pastels", "cnid": "2544", "productId": "188515", "size": "9.9 oz bag"},
{"thumb": "http://i4.peapod.com/c/KK/KKNHZ.gif", "price": "399", "unit_price": "$.37/ oz", "name": "M&M's Candies Milk Chocolate Speck-Tacular EGGS!", "cnid": "2544", "productId": "133562", "size": "10.9 oz bag"},
{"thumb": "http://i4.peapod.com/c/KK/KKNHZ.gif", "price": "399", "unit_price": "$.40/ oz", "name": "M&M's Candies Speck-Tacular EGGS! Peanut Butter Speckled Eggs", "cnid": "2544", "productId": "186086", "size": "9.9 oz bag"},
{"thumb": "http://i4.peapod.com/c/KK/KKNHZ.gif", "price": "459", "unit_price": "$.44/ oz", "name": "Mars Chocolate Minis Mix", "cnid": "2544", "productId": "162209", "size": "10.5 oz bag"},
{"thumb": "http://i4.peapod.com/c/KK/KKNHZ.gif", "price": "229", "unit_price": "$.14/ oz", "name": "Marshmallow Fluff", "cnid": "2544", "productId": "70494", "size": "16 oz tub"},
{"thumb": "http://i4.peapod.com/c/KK/KKNHZ.gif", "price": "300", "unit_price": "$.38/ ea", "name": "Mentos Chewy Candies Mint - 6 pk", "cnid": "2544", "productId": "148300", "size": "7.8 oz pkg"},
{"thumb": "http://i4.peapod.com/c/KK/KKNHZ.gif", "price": "199", "unit_price": "$.51/ oz", "name": "Nestle Butterfinger Bars - 6 ct", "cnid": "2544", "productId": "74089", "size": "3.9 oz pkg"},
{"thumb": "http://i4.peapod.com/c/KK/KKNHZ.gif", "price": "349", "unit_price": "$.28/ oz", "name": "Nestle Butterfinger Bars Fun Size", "cnid": "2544", "productId": "13907", "size": "12.5 oz bag"},
{"thumb": "http://i4.peapod.com/c/KK/KKNHZ.gif", "price": "139", "unit_price": "$.35/ oz", "name": "Nestle Nips Caramel", "cnid": "2544", "productId": "1578", "size": "4 oz box"},
{"thumb": "http://i4.peapod.com/c/KK/KKNHZ.gif", "price": "139", "unit_price": "$.35/ oz", "name": "Nestle Nips Chocolate Parfait", "cnid": "2544", "productId": "1579", "size": "4 oz box"},
{"thumb": "http://i4.peapod.com/c/KK/KKNHZ.gif", "price": "179", "unit_price": "$.58/ oz", "name": "Nestle Sno-Caps Semi-Sweet Chocolate Nonpareils Theatre Box", "cnid": "2544", "productId": "162206", "size": "3.1 oz box"},
{"thumb": "http://i4.peapod.com/c/KK/KKNHZ.gif", "price": "329", "unit_price": "$.47/ oz", "name": "Panda Soft Licorice All Natural", "cnid": "2544", "productId": "163459", "size": "7 oz box"},
{"thumb": "http://i4.peapod.com/c/KK/KKNHZ.gif", "price": "89", "unit_price": "$.59/ oz", "name": "PEEPS Marshmallow Chicks Pink - 5 ct", "cnid": "2544", "productId": "192722", "size": "1.5 oz pkg"},
{"thumb": "http://i4.peapod.com/c/KK/KKNHZ.gif", "price": "89", "unit_price": "$.59/ oz", "name": "PEEPS Marshmallow Chicks Purple - 5 ct", "cnid": "2544", "productId": "192723", "size": "1.5 oz pkg"},
{"thumb": "http://i4.peapod.com/c/KK/KKNHZ.gif", "price": "89", "unit_price": "$.59/ oz", "name": "PEEPS Marshmallow Chicks Yellow - 5 ct", "cnid": "2544", "productId": "158047", "size": "1.5 oz pkg"},
{"thumb": "http://i4.peapod.com/c/KK/KKNHZ.gif", "price": "499", "unit_price": "$.55/ oz", "name": "Reese's Peanut Butter Cups - 6 pk", "cnid": "2544", "productId": "42476", "size": "9 oz pkg"},
{"thumb": "http://i4.peapod.com/c/KK/KKNHZ.gif", "price": "599", "unit_price": "$.30/ oz", "name": "Reese's Peanut Butter Cups Miniatures", "cnid": "2544", "productId": "154400", "size": "19.7 oz bag"},
{"thumb": "http://i4.peapod.com/c/KK/KKNHZ.gif", "price": "210", "unit_price": "$.17/ oz", "name": "Reese's Peanut Butter Cups Miniatures", "cnid": "2544", "productId": "3226", "size": "12 oz bag"},
{"thumb": "http://i4.peapod.com/c/KK/KKNHZ.gif", "price": "369", "unit_price": "$.34/ oz", "name": "Reese's Peanut Butter Cups Miniatures Pastels", "cnid": "2544", "productId": "24521", "size": "11 oz bag"},
{"thumb": "http://i4.peapod.com/c/KK/KKNHZ.gif", "price": "259", "unit_price": "$.86/ oz", "name": "Reese's Peanut Butter Cups Miniatures Sugar Free", "cnid": "2544", "productId": "129724", "size": "3 oz bag"},
{"thumb": "http://i4.peapod.com/c/KK/KKNHZ.gif", "price": "150", "unit_price": "$.34/ oz", "name": "Reese's Peanut Butter Cups Pack A Snack! - 8 ct", "cnid": "2544", "productId": "40403", "size": "4.4 oz pkg"},
{"thumb": "http://i4.peapod.com/c/KK/KKNHZ.gif", "price": "399", "unit_price": "$.55/ oz", "name": "Reese's Peanut Butter Eggs - 6 ct", "cnid": "2544", "productId": "162099", "size": "7.2 oz pkg"},
{"thumb": "http://i4.peapod.com/c/KK/KKNHZ.gif", "price": "369", "unit_price": "$.34/ oz", "name": "Reese's Peanut Butter Eggs Snack Size", "cnid": "2544", "productId": "127162", "size": "10.8 oz bag"},
{"thumb": "http://i4.peapod.com/c/KK/KKNHZ.gif", "price": "333", "unit_price": "$.32/ oz", "name": "Reese's Pieces Peanut Butter Candy", "cnid": "2544", "productId": "157506", "size": "10.5 oz bag"},
{"thumb": "http://i4.peapod.com/c/KK/KKNHZ.gif", "price": "125", "unit_price": "$.31/ oz", "name": "Reese's Pieces Peanut Butter Candy Theatre Box", "cnid": "2544", "productId": "153958", "size": "4 oz box"},
{"thumb": "http://i4.peapod.com/c/KK/KKNHZ.gif", "price": "219", "unit_price": "$.73/ oz", "name": "Russell Stover Bunny Solid Dark Chocolate", "cnid": "2544", "productId": "162078", "size": "3 oz pkg"},
{"thumb": "http://i4.peapod.com/c/KK/KKNHZ.gif", "price": "219", "unit_price": "$.73/ oz", "name": "Russell Stover Bunny Solid Milk Chocolate", "cnid": "2544", "productId": "162194", "size": "3 oz pkg"},
{"thumb": "http://i4.peapod.com/c/KK/KKNHZ.gif", "price": "219", "unit_price": "$.73/ oz", "name": "Russell Stover Bunny Solid White Pastelle (White Chocolate)", "cnid": "2544", "productId": "162101", "size": "3 oz box"},
{"thumb": "http://i4.peapod.com/c/KK/KKNHZ.gif", "price": "379", "unit_price": "$.27/ oz", "name": "Skittles Bite Size Candies Original", "cnid": "2544", "productId": "4070", "size": "14 oz bag"},
{"thumb": "http://i4.peapod.com/c/KK/KKNHZ.gif", "price": "299", "unit_price": "$.24/ oz", "name": "Smucker's Topping Marshmallow Fat Free", "cnid": "2544", "productId": "13845", "size": "12.2 oz jar"},
{"thumb": "http://i4.peapod.com/c/KK/KKNHZ.gif", "price": "459", "unit_price": "$.40/ oz", "name": "Snickers Minis", "cnid": "2544", "productId": "26987", "size": "11.5 oz bag"},
{"thumb": "http://i4.peapod.com/c/KK/KKNHZ.gif", "price": "249", "unit_price": "$.31/ oz", "name": "Sour Patch Soft & Chewy Candy Watermelon", "cnid": "2544", "productId": "162207", "size": "8 oz bag"},
{"thumb": "http://i4.peapod.com/c/KK/KKNHZ.gif", "price": "379", "unit_price": "$.27/ oz", "name": "Starburst Fruit Chews Original", "cnid": "2544", "productId": "4069", "size": "14 oz bag"},
{"thumb": "http://i4.peapod.com/c/KK/KKNHZ.gif", "price": "219", "unit_price": "$.12/ oz", "name": "Stop & Shop Jelly Eggs", "cnid": "2544", "productId": "189886", "size": "18 oz pkg"},
{"thumb": "http://i4.peapod.com/c/KK/KKNHZ.gif", "price": "139", "unit_price": "$.15/ oz", "name": "Stop & Shop Jelly Eggs", "cnid": "2544", "productId": "186440", "size": "9 oz bag"},
{"thumb": "http://i4.peapod.com/c/KK/KKNHZ.gif", "price": "139", "unit_price": "$.15/ oz", "name": "Stop & Shop Jelly Eggs Speckled", "cnid": "2544", "productId": "186439", "size": "9 oz bag"},
{"thumb": "http://i4.peapod.com/c/KK/KKNHZ.gif", "price": "100", "unit_price": "$.10/ oz", "name": "Stop & Shop Marshmallows", "cnid": "2544", "productId": "57638", "size": "10 oz bag"},
{"thumb": "http://i4.peapod.com/c/KK/KKNHZ.gif", "price": "100", "unit_price": "$.10/ oz", "name": "Stop & Shop Marshmallows Mini", "cnid": "2544", "productId": "58103", "size": "10 oz bag"},
{"thumb": "http://i4.peapod.com/c/KK/KKNHZ.gif", "price": "299", "unit_price": "$.21/ oz", "name": "Swedish Fish Original Red", "cnid": "2544", "productId": "123986", "size": "14 oz bag"},
{"thumb": "http://i4.peapod.com/c/KK/KKNHZ.gif", "price": "249", "unit_price": "$.31/ oz", "name": "Swedish Fish Original Red", "cnid": "2544", "productId": "162208", "size": "8 oz bag"},
{"thumb": "http://i4.peapod.com/c/KK/KKNHZ.gif", "price": "399", "unit_price": "$1.00/ ea", "name": "Tic Tac Freshmints - 4 pk", "cnid": "2544", "productId": "129034", "size": "4 oz pkg"},
{"thumb": "http://i4.peapod.com/c/KK/KKNHZ.gif", "price": "399", "unit_price": "$1.00/ ea", "name": "Tic Tac Mints Wintergreen - 4 ct", "cnid": "2544", "productId": "162214", "size": "4 oz pkg"},
{"thumb": "http://i4.peapod.com/c/KK/KKNHZ.gif", "price": "259", "unit_price": "$.74/ oz", "name": "Toblerone Swiss Milk Chocolate Bar with Honey & Almond Nougat", "cnid": "2544", "productId": "35797", "size": "3.5 oz bar"},
{"thumb": "http://i4.peapod.com/c/KK/KKNHZ.gif", "price": "300", "unit_price": "$.25/ oz", "name": "Tootsie Roll Midgees", "cnid": "2544", "productId": "33274", "size": "12 oz bag"},
{"thumb": "http://i4.peapod.com/c/KK/KKNHZ.gif", "price": "300", "unit_price": "$.30/ oz", "name": "Tootsie Roll Pops Assorted Flavors", "cnid": "2544", "productId": "20524", "size": "10.1 oz bag"},
{"thumb": "http://i4.peapod.com/c/KK/KKNHZ.gif", "price": "329", "unit_price": "$.06/ ea", "name": "Trident Gum Bubble Gum Sugar Free - 3 pk", "cnid": "2544", "productId": "130374", "size": "54 ct pkg"},
{"thumb": "http://i4.peapod.com/c/KK/KKNHZ.gif", "price": "129", "unit_price": "$.07/ ea", "name": "Trident Gum Bubble Gum Sugar Free Single Pack", "cnid": "2544", "productId": "525", "size": "18 ct pkg"},
{"thumb": "http://i4.peapod.com/c/KK/KKNHZ.gif", "price": "129", "unit_price": "$.07/ ea", "name": "Trident Gum Original Flavor Sugar Free Single Pack", "cnid": "2544", "productId": "516", "size": "18 ct pkg"},
{"thumb": "http://i4.peapod.com/c/KK/KKNHZ.gif", "price": "329", "unit_price": "$.06/ ea", "name": "Trident Gum Wintergreen Sugar Free - 3 pk", "cnid": "2544", "productId": "162213", "size": "54 ct pkg"},
{"thumb": "http://i4.peapod.com/c/KK/KKNHZ.gif", "price": "149", "unit_price": "$.11/ ea", "name": "Trident Layers Gum Green Apple + Golden Pineapple Sugar Free Single Pack", "cnid": "2544", "productId": "162475", "size": "14 ct pkg"},
{"thumb": "http://i4.peapod.com/c/KK/KKNHZ.gif", "price": "199", "unit_price": "$.61/ oz", "name": "Twix Cookie Bars Caramel Fun Size - 6 ct", "cnid": "2544", "productId": "34081", "size": "3.28 oz pkg"},
{"thumb": "http://i4.peapod.com/c/KK/KKNHZ.gif", "price": "279", "unit_price": "$.17/ oz", "name": "Twizzlers Cherry Bites", "cnid": "2544", "productId": "45909", "size": "16 oz bag"},
{"thumb": "http://i4.peapod.com/c/KK/KKNHZ.gif", "price": "279", "unit_price": "$.22/ oz", "name": "Twizzlers Rainbow Twists", "cnid": "2544", "productId": "145736", "size": "12.4 oz bag"},
{"thumb": "http://i4.peapod.com/c/KK/KKNHZ.gif", "price": "279", "unit_price": "$.17/ oz", "name": "Twizzlers Strawberry Twists", "cnid": "2544", "productId": "3228", "size": "16 oz bag"},
{"thumb": "http://i4.peapod.com/c/KK/KKNHZ.gif", "price": "249", "unit_price": "$.90/ oz", "name": "Werther's Original Candy Sugar Free", "cnid": "2544", "productId": "138188", "size": "2.75 oz bag"},
{"thumb": "http://i4.peapod.com/c/KK/KKNHZ.gif", "price": "349", "unit_price": "$.39/ oz", "name": "Werthers Candy Original Butter", "cnid": "2544", "productId": "39896", "size": "9 oz bag"},
{"thumb": "http://i4.peapod.com/c/KK/KKNHZ.gif", "price": "125", "unit_price": "$.25/ oz", "name": "WHOPPERS Malted Milk Balls Theatre Box", "cnid": "2544", "productId": "153957", "size": "5 oz box"},
{"thumb": "http://i4.peapod.com/c/KK/KKNHZ.gif", "price": "269", "unit_price": "$.27/ oz", "name": "WHOPPERS Robin Eggs Malted Milk Candy", "cnid": "2544", "productId": "144070", "size": "10 oz bag"},
{"thumb": "http://i4.peapod.com/c/KK/KKNHZ.gif", "price": "399", "unit_price": "$.09/ ea", "name": "Wrigley's 5 Gum Cobalt Sugar Free - 3 pk", "cnid": "2544", "productId": "155666", "size": "45 ct pkg"},
{"thumb": "http://i4.peapod.com/c/KK/KKNHZ.gif", "price": "399", "unit_price": "$.09/ ea", "name": "Wrigley's 5 Gum Rain Tingling Spearmint Sugar Free - 3 pk", "cnid": "2544", "productId": "160683", "size": "45 ct pkg"},
{"thumb": "http://i4.peapod.com/c/KK/KKNHZ.gif", "price": "149", "unit_price": "$.10/ ea", "name": "Wrigley's 5 Gum RPM Mint Sugar Free Single Pack", "cnid": "2544", "productId": "188017", "size": "15 ct pkg"},
{"thumb": "http://i4.peapod.com/c/KK/KKNHZ.gif", "price": "399", "unit_price": "$.07/ ea", "name": "Wrigley's Eclipse Gum Spearmint Sugar Free", "cnid": "2544", "productId": "167962", "size": "60 ct can"},
{"thumb": "http://i4.peapod.com/c/KK/KKNHZ.gif", "price": "139", "unit_price": "$.12/ ea", "name": "Wrigley's Eclipse Gum Winterfrost Sugar Free Single Pack", "cnid": "2544", "productId": "118104", "size": "12 ct pkg"},
{"thumb": "http://i4.peapod.com/c/KK/KKNHZ.gif", "price": "129", "unit_price": "$.09/ ea", "name": "Wrigley's Extra Dessert Delights Gum Mint Chocolate Chip Sugar Free Single", "cnid": "2544", "productId": "165660", "size": "15 ct pkg"},
{"thumb": "http://i4.peapod.com/c/KK/KKNHZ.gif", "price": "250", "unit_price": "$.06/ ea", "name": "Wrigley's Extra Gum Classic Bubble Gum Sugar Free - 3 pk", "cnid": "2544", "productId": "162211", "size": "45 ct pkg"},
{"thumb": "http://i4.peapod.com/c/KK/KKNHZ.gif", "price": "250", "unit_price": "$.06/ ea", "name": "Wrigley's Extra Gum Peppermint Sugar Free - 3 pk", "cnid": "2544", "productId": "159787", "size": "45 ct pkg"},
{"thumb": "http://i4.peapod.com/c/KK/KKNHZ.gif", "price": "250", "unit_price": "$.06/ ea", "name": "Wrigley's Extra Gum Polar Ice Sugar Free - 3 pk", "cnid": "2544", "productId": "159790", "size": "45 ct pkg"},
{"thumb": "http://i4.peapod.com/c/KK/KKNHZ.gif", "price": "129", "unit_price": "$.09/ ea", "name": "Wrigley's Juicy Fruit Gum Slim Pack Single Pack", "cnid": "2544", "productId": "1946", "size": "15 ct pkg"},
{"thumb": "http://i4.peapod.com/c/KK/KKNHZ.gif", "price": "129", "unit_price": "$.09/ ea", "name": "Wrigley's Orbit Gum Bubblemint Sugar Free Single Pack", "cnid": "2544", "productId": "131954", "size": "14 ct pkg"},
{"thumb": "http://i4.peapod.com/c/KK/KKNHZ.gif", "price": "129", "unit_price": "$.09/ ea", "name": "Wrigley's Orbit Gum Peppermint Sugar Free", "cnid": "2544", "productId": "179460", "size": "14 ct pkg"},
{"thumb": "http://i4.peapod.com/c/KK/KKNHZ.gif", "price": "129", "unit_price": "$.09/ ea", "name": "Wrigley's Orbit Gum Spearmint Sugar Free Single Pack", "cnid": "2544", "productId": "131955", "size": "14 ct pkg"},
{"thumb": "http://i4.peapod.com/c/KK/KKNHZ.gif", "price": "129", "unit_price": "$.09/ ea", "name": "Wrigley's Orbit Gum Wintermint Sugar Free Single Pack", "cnid": "2544", "productId": "145106", "size": "14 ct pkg"},
{"thumb": "http://i4.peapod.com/c/KK/KKNHZ.gif", "price": "399", "unit_price": "$.09/ ea", "name": "Wrigley's Orbit Mist Gum Peppermint Spray Sugar Free - 3 pk", "cnid": "2544", "productId": "175045", "size": "42 ct pkg"},
{"thumb": "http://i4.peapod.com/c/KK/KKNHZ.gif", "price": "210", "unit_price": "$.17/ oz", "name": "York Peppermint Patties", "cnid": "2544", "productId": "3205", "size": "12 oz bag"},
{"thumb": "http://i4.peapod.com/c/KK/KKNHZ.gif", "price": "599", "unit_price": "$.30/ oz", "name": "York Peppermint Patties Mini Big Bag", "cnid": "2544", "productId": "131164", "size": "19.7 oz bag"},
{"thumb": "http://i4.peapod.com/c/KK/KKNHZ.gif", "price": "333", "unit_price": "$.32/ oz", "name": "York Peppermint Pieces Candy Pouch", "cnid": "2544", "productId": "157507", "size": "10.5 oz bag"},
{"thumb": "http://i4.peapod.com/c/KK/KKNHZ.gif", "price": "459", "unit_price": "$.46/ oz", "name": "3 Musketeers Bars Miniatures", "cnid": "60539558", "productId": "49891", "size": "10 oz bag"},
{"thumb": "http://i4.peapod.com/c/KK/KKNHZ.gif", "price": "150", "unit_price": "$.31/ oz", "name": "Almond Joy Milk Chocolate Candy Bar with Coconut & Almonds - 8 ct", "cnid": "60539558", "productId": "153871", "size": "4.8 oz pkg"},
{"thumb": "http://i4.peapod.com/c/KK/KKNHZ.gif", "price": "333", "unit_price": "$.33/ oz", "name": "Almond Joy Pieces Candy Pouch", "cnid": "60539558", "productId": "157508", "size": "10 oz bag"},
{"thumb": "http://i4.peapod.com/c/KK/KKNHZ.gif", "price": "219", "unit_price": "$1.24/ oz", "name": "Altoids Curiously Strong Mints Wintergreen", "cnid": "60539558", "productId": "163840", "size": "1.76 oz tin"},
{"thumb": "http://i4.peapod.com/c/KK/KKNHZ.gif", "price": "219", "unit_price": "$1.24/ oz", "name": "Altoids Curiously Strong Peppermint Mints", "cnid": "60539558", "productId": "15082", "size": "1.76 oz tin"},
{"thumb": "http://i4.peapod.com/c/KK/KKNHZ.gif", "price": "225", "unit_price": "$.48/ oz", "name": "Andes Chocolate Mints Creme De Menthe - 28 ct", "cnid": "60539558", "productId": "12821", "size": "4.67 oz box"},
{"thumb": "http://i4.peapod.com/c/KK/KKNHZ.gif", "price": "649", "unit_price": "$1.08/ oz", "name": "Atkins Endulge Peanut Butter Cups - 5 ct", "cnid": "60539558", "productId": "132635", "size": "6 oz box"},
{"thumb": "http://i4.peapod.com/c/KK/KKNHZ.gif", "price": "159", "unit_price": "$.18/ oz", "name": "Brach's Jelly Bird Eggs Classic", "cnid": "60539558", "productId": "13192", "size": "9 oz bag"},
{"thumb": "http://i4.peapod.com/c/KK/KKNHZ.gif", "price": "159", "unit_price": "$.18/ oz", "name": "Brach's Jelly Bird Eggs Spiced", "cnid": "60539558", "productId": "157450", "size": "9 oz bag"},
{"thumb": "http://i4.peapod.com/c/KK/KKNHZ.gif", "price": "299", "unit_price": "$.60/ ea", "name": "Breathsavers Mints Peppermint Sugar Free - 5 rolls", "cnid": "60539558", "productId": "99678", "size": "5 roll pkg"},
{"thumb": "http://i4.peapod.com/c/KK/KKNHZ.gif", "price": "299", "unit_price": "$.60/ ea", "name": "Breathsavers Mints Wintergreen Sugar Free - 5 rolls", "cnid": "60539558", "productId": "99680", "size": "5 roll pkg"},
{"thumb": "http://i4.peapod.com/c/KK/KKNHZ.gif", "price": "329", "unit_price": "$.69/ oz", "name": "Cadbury Caramel Eggs - 4 ct", "cnid": "60539558", "productId": "49272", "size": "4.8 oz pkg"},
{"thumb": "http://i4.peapod.com/c/KK/KKNHZ.gif", "price": "329", "unit_price": "$.69/ oz", "name": "Cadbury Creme Eggs - 4 ct", "cnid": "60539558", "productId": "18792", "size": "4.8 oz box"},
{"thumb": "http://i4.peapod.com/c/KK/KKNHZ.gif", "price": "200", "unit_price": "$.57/ oz", "name": "Cadbury Dairy Milk Chocolate Bar", "cnid": "60539558", "productId": "6612", "size": "3.5 oz bar"},
{"thumb": "http://i4.peapod.com/c/KK/KKNHZ.gif", "price": "200", "unit_price": "$.57/ oz", "name": "Cadbury Fruit & Nut Milk Chocolate Bar with Raisins & Almonds", "cnid": "60539558", "productId": "6613", "size": "3.5 oz bar"},
{"thumb": "http://i4.peapod.com/c/KK/KKNHZ.gif", "price": "369", "unit_price": "$.37/ oz", "name": "Cadbury Milk Chocolate Mini Eggs", "cnid": "60539558", "productId": "40527", "size": "10 oz bag"},
{"thumb": "http://i4.peapod.com/c/KK/KKNHZ.gif", "price": "299", "unit_price": "$.29/ oz", "name": "Charms Blow Pops Bubble Gum Filled Assorted Flavors", "cnid": "60539558", "productId": "79409", "size": "10.4 oz bag"},
{"thumb": "http://i4.peapod.com/c/KK/KKNHZ.gif", "price": "279", "unit_price": "$.08/ ea", "name": "Dentyne Ice Gum Peppermint - 3 pk", "cnid": "60539558", "productId": "119098", "size": "36 ct pkg"},
{"thumb": "http://i4.peapod.com/c/KK/KKNHZ.gif", "price": "479", "unit_price": "$.50/ oz", "name": "Dove Promises Silky Smooth Milk Chocolate", "cnid": "60539558", "productId": "130688", "size": "9.5 oz bag"},
{"thumb": "http://i4.peapod.com/c/KK/KKNHZ.gif", "price": "199", "unit_price": "$.66/ oz", "name": "Elite Bittersweet Chocolate Bar Kosher for Passover", "cnid": "60539558", "productId": "130111", "size": "3 oz bar"},
{"thumb": "http://i4.peapod.com/c/KK/KKNHZ.gif", "price": "299", "unit_price": "$1.00/ oz", "name": "Endangered Species Dark Chocolate 72% Cocoa All Natural", "cnid": "60539558", "productId": "155697", "size": "3 oz bar"},
{"thumb": "http://i4.peapod.com/c/KK/KKNHZ.gif", "price": "299", "unit_price": "$1.00/ oz", "name": "Endangered Species Dark Chocolate w/Cranberries/Almonds 72% Cocoa Natural", "cnid": "60539558", "productId": "155131", "size": "3 oz bar"},
{"thumb": "http://i4.peapod.com/c/KK/KKNHZ.gif", "price": "299", "unit_price": "$1.00/ oz", "name": "Endangered Species Dark Chocolate w/Espresso Beans 72% Cocoa All Natural", "cnid": "60539558", "productId": "155698", "size": "3 oz bar"},
{"thumb": "http://i4.peapod.com/c/KK/KKNHZ.gif", "price": "350", "unit_price": "$.66/ oz", "name": "Ferrero Rocher Chocolates Hazelnut - 12 ct", "cnid": "60539558", "productId": "99628", "size": "5.3 oz pkg"},
{"thumb": "http://i4.peapod.com/c/KK/KKNHZ.gif", "price": "299", "unit_price": "$.25/ oz", "name": "Goetze Caramel Creams", "cnid": "60539558", "productId": "33723", "size": "12 oz bag"},
{"thumb": "http://i4.peapod.com/c/KK/KKNHZ.gif", "price": "125", "unit_price": "$.21/ oz", "name": "Good & Plenty Theatre Box", "cnid": "60539558", "productId": "153894", "size": "6 oz box"},
{"thumb": "http://i4.peapod.com/c/KK/KKNHZ.gif", "price": "349", "unit_price": "$1.00/ oz", "name": "Green & Black's Dark Chocolate Bar with Hazelnuts & Currants Organic", "cnid": "60539558", "productId": "142566", "size": "3.5 oz bar"},
{"thumb": "http://i4.peapod.com/c/KK/KKNHZ.gif", "price": "349", "unit_price": "$1.00/ oz", "name": "Green & Black's Milk Chocolate Bar 34% Cocoa Organic", "cnid": "60539558", "productId": "142568", "size": "3.5 oz bar"},
{"thumb": "http://i4.peapod.com/c/KK/KKNHZ.gif", "price": "150", "unit_price": "$.42/ oz", "name": "Hershey's Bars Milk Chocolate Fun Size - 8 ct", "cnid": "60539558", "productId": "145851", "size": "3.6 oz pkg"},
{"thumb": "http://i4.peapod.com/c/KK/KKNHZ.gif", "price": "400", "unit_price": "$.42/ oz", "name": "Hershey's Bliss Dark Chocolate", "cnid": "60539558", "productId": "153833", "size": "9.6 oz bag"},
{"thumb": "http://i4.peapod.com/c/KK/KKNHZ.gif", "price": "400", "unit_price": "$.42/ oz", "name": "Hershey's Bliss Milk Chocolate", "cnid": "60539558", "productId": "153832", "size": "9.6 oz bag"},
{"thumb": "http://i4.peapod.com/c/KK/KKNHZ.gif", "price": "369", "unit_price": "$.37/ oz", "name": "Hershey's Eggs Milk Chocolate Pastels", "cnid": "60539558", "productId": "13180", "size": "10 oz bag"},
{"thumb": "http://i4.peapod.com/c/KK/KKNHZ.gif", "price": "369", "unit_price": "$.37/ oz", "name": "Hershey's Eggs Special Dark Chocolate Pastels", "cnid": "60539558", "productId": "156463", "size": "10 oz bag"},
{"thumb": "http://i4.peapod.com/c/KK/KKNHZ.gif", "price": "210", "unit_price": "$.17/ oz", "name": "Hershey's Kisses Milk Chocolate Classic Bag", "cnid": "60539558", "productId": "3209", "size": "12 oz bag"},
{"thumb": "http://i4.peapod.com/c/KK/KKNHZ.gif", "price": "599", "unit_price": "$.30/ oz", "name": "Hershey's Kisses Milk Chocolate Family Bag", "cnid": "60539558", "productId": "26976", "size": "19.7 oz bag"},
{"thumb": "http://i4.peapod.com/c/KK/KKNHZ.gif", "price": "369", "unit_price": "$.34/ oz", "name": "Hershey's Kisses Milk Chocolate Pastels", "cnid": "60539558", "productId": "24522", "size": "11 oz bag"},
{"thumb": "http://i4.peapod.com/c/KK/KKNHZ.gif", "price": "210", "unit_price": "$.19/ oz", "name": "Hershey's Kisses Milk Chocolate with Almonds Classic Bag", "cnid": "60539558", "productId": "26974", "size": "11 oz bag"},
{"thumb": "http://i4.peapod.com/c/KK/KKNHZ.gif", "price": "210", "unit_price": "$.17/ oz", "name": "Hershey's Kisses Special Dark Chocolate Classic Bag", "cnid": "60539558", "productId": "146286", "size": "12 oz bag"},
{"thumb": "http://i4.peapod.com/c/KK/KKNHZ.gif", "price": "499", "unit_price": "$.55/ oz", "name": "Hershey's Kit Kat Candy Bars - 6 ct", "cnid": "60539558", "productId": "3222", "size": "9 oz pkg"},
{"thumb": "http://i4.peapod.com/c/KK/KKNHZ.gif", "price": "150", "unit_price": "$.38/ oz", "name": "Hershey's Kit Kat Candy Bars - 8 ct", "cnid": "60539558", "productId": "102402", "size": "3.92 oz pkg"},
{"thumb": "http://i4.peapod.com/c/KK/KKNHZ.gif", "price": "200", "unit_price": "$.46/ oz", "name": "Hershey's Milk Chocolate Bar", "cnid": "60539558", "productId": "3215", "size": "4.4 oz bar"},
{"thumb": "http://i4.peapod.com/c/KK/KKNHZ.gif", "price": "499", "unit_price": "$.54/ oz", "name": "Hershey's Milk Chocolate Bars - 6 ct", "cnid": "60539558", "productId": "3221", "size": "9.3 oz pkg"},
{"thumb": "http://i4.peapod.com/c/KK/KKNHZ.gif", "price": "499", "unit_price": "$.57/ oz", "name": "Hershey's Milk Chocolate Bars with Almonds - 6 ct", "cnid": "60539558", "productId": "74320", "size": "8.7 oz pkg"},
{"thumb": "http://i4.peapod.com/c/KK/KKNHZ.gif", "price": "200", "unit_price": "$.47/ oz", "name": "Hershey's Milk Chocolate Bar with Almonds", "cnid": "60539558", "productId": "3216", "size": "4.25 oz bar"},
{"thumb": "http://i4.peapod.com/c/KK/KKNHZ.gif", "price": "369", "unit_price": "$.37/ oz", "name": "Hershey's Milk Chocolate Extra Creamy Eggs", "cnid": "60539558", "productId": "188308", "size": "10 oz bag"},
{"thumb": "http://i4.peapod.com/c/KK/KKNHZ.gif", "price": "125", "unit_price": "$.25/ oz", "name": "Hershey's Milk Duds Candy Theatre Box", "cnid": "60539558", "productId": "145880", "size": "5 oz box"},
{"thumb": "http://i4.peapod.com/c/KK/KKNHZ.gif", "price": "369", "unit_price": "$.34/ oz", "name": "Hershey's Miniatures (Milk & Dark Chocolate/Mr. Goodbar/Krackel) Pastels", "cnid": "60539558", "productId": "24520", "size": "11 oz bag"},
{"thumb": "http://i4.peapod.com/c/KK/KKNHZ.gif", "price": "599", "unit_price": "$.30/ oz", "name": "Hershey's Miniatures Assorted Family Bag", "cnid": "60539558", "productId": "129717", "size": "19.7 oz bag"},
{"thumb": "http://i4.peapod.com/c/KK/KKNHZ.gif", "price": "210", "unit_price": "$.17/ oz", "name": "Hershey's Miniatures Chocolates Assorted", "cnid": "60539558", "productId": "26971", "size": "12 oz bag"},
{"thumb": "http://i4.peapod.com/c/KK/KKNHZ.gif", "price": "210", "unit_price": "$.17/ oz", "name": "Hershey's Nuggets Milk Chocolate Classic Bag", "cnid": "60539558", "productId": "34281", "size": "12 oz bag"},
{"thumb": "http://i4.peapod.com/c/KK/KKNHZ.gif", "price": "210", "unit_price": "$.17/ oz", "name": "Hershey's Nuggets Milk Chocolate with Almonds", "cnid": "60539558", "productId": "39836", "size": "12 oz bag"},
{"thumb": "http://i4.peapod.com/c/KK/KKNHZ.gif", "price": "210", "unit_price": "$.17/ oz", "name": "Hershey's Nuggets Special Dark Chocolate with Almonds", "cnid": "60539558", "productId": "102152", "size": "12 oz bag"},
{"thumb": "http://i4.peapod.com/c/KK/KKNHZ.gif", "price": "200", "unit_price": "$.47/ oz", "name": "Hershey's Special Dark Chocolate Bar", "cnid": "60539558", "productId": "3217", "size": "4.25 oz bar"},
{"thumb": "http://i4.peapod.com/c/KK/KKNHZ.gif", "price": "259", "unit_price": "$.86/ oz", "name": "Hershey's Special Dark Dark Chocolates Sugar Free", "cnid": "60539558", "productId": "129726", "size": "3 oz bag"},
{"thumb": "http://i4.peapod.com/c/KK/KKNHZ.gif", "price": "169", "unit_price": "$.28/ oz", "name": "Jujyfruits Candy", "cnid": "60539558", "productId": "33743", "size": "6 oz box"},
{"thumb": "http://i4.peapod.com/c/KK/KKNHZ.gif", "price": "125", "unit_price": "$.12/ oz", "name": "Kraft Jet-Puffed Marshmallows", "cnid": "60539558", "productId": "1869", "size": "10 oz bag"},
{"thumb": "http://i4.peapod.com/c/KK/KKNHZ.gif", "price": "239", "unit_price": "$.34/ oz", "name": "Lifesavers Gummies 5 Flavors", "cnid": "60539558", "productId": "155654", "size": "7 oz bag"},
{"thumb": "http://i4.peapod.com/c/KK/KKNHZ.gif", "price": "249", "unit_price": "$.40/ oz", "name": "Lifesavers Hard Candy Five Flavors", "cnid": "60539558", "productId": "30668", "size": "6.25 oz bag"},
{"thumb": "http://i4.peapod.com/c/KK/KKNHZ.gif", "price": "249", "unit_price": "$.90/ oz", "name": "Lifesavers Hard Candy Wint O Green Sugar Free", "cnid": "60539558", "productId": "162215", "size": "2.75 oz bag"},
{"thumb": "http://i4.peapod.com/c/KK/KKNHZ.gif", "price": "279", "unit_price": "$.80/ oz", "name": "Lindt Excellence Dark Chocolate Bar Extra Fine 85% Cocoa", "cnid": "60539558", "productId": "159782", "size": "3.5 oz bar"},
{"thumb": "http://i4.peapod.com/c/KK/KKNHZ.gif", "price": "279", "unit_price": "$.80/ oz", "name": "Lindt Excellence Dark Chocolate Bar Intense Orange", "cnid": "60539558", "productId": "162204", "size": "3.5 oz bar"},
{"thumb": "http://i4.peapod.com/c/KK/KKNHZ.gif", "price": "399", "unit_price": "$1.14/ oz", "name": "Lindt Gold Bunny Dark Chocolate", "cnid": "60539558", "productId": "162196", "size": "3.5 oz pkg"},
{"thumb": "http://i4.peapod.com/c/KK/KKNHZ.gif", "price": "399", "unit_price": "$1.14/ oz", "name": "Lindt Gold Bunny Milk Chocolate", "cnid": "60539558", "productId": "153877", "size": "3.5 oz pkg"},
{"thumb": "http://i4.peapod.com/c/KK/KKNHZ.gif", "price": "659", "unit_price": "$.34/ oz", "name": "M&M's Candies Milk Chocolate", "cnid": "60539558", "productId": "130690", "size": "19.2 oz bag"},
{"thumb": "http://i4.peapod.com/c/KK/KKNHZ.gif", "price": "399", "unit_price": "$.32/ oz", "name": "M&M's Candies Milk Chocolate", "cnid": "60539558", "productId": "4074", "size": "12.6 oz bag"},
{"thumb": "http://i4.peapod.com/c/KK/KKNHZ.gif", "price": "399", "unit_price": "$.32/ oz", "name": "M&M's Candies Milk Chocolate Bunny Mix Pastels", "cnid": "60539558", "productId": "13179", "size": "12.6 oz bag"},
{"thumb": "http://i4.peapod.com/c/KK/KKNHZ.gif", "price": "399", "unit_price": "$.32/ oz", "name": "M&M's Candies Milk Chocolate Peanut", "cnid": "60539558", "productId": "4075", "size": "12.6 oz bag"},
{"thumb": "http://i4.peapod.com/c/KK/KKNHZ.gif", "price": "659", "unit_price": "$.34/ oz", "name": "M&M's Candies Milk Chocolate Peanut", "cnid": "60539558", "productId": "74324", "size": "19.2 oz bag"},
{"thumb": "http://i4.peapod.com/c/KK/KKNHZ.gif", "price": "399", "unit_price": "$.32/ oz", "name": "M&M's Candies Milk Chocolate Peanut Bunny Mix Pastels", "cnid": "60539558", "productId": "13177", "size": "12.6 oz bag"},
{"thumb": "http://i4.peapod.com/c/KK/KKNHZ.gif", "price": "399", "unit_price": "$.40/ oz", "name": "M&M's Candies Milk Chocolate Pretzel", "cnid": "60539558", "productId": "162205", "size": "9.9 oz bag"},
{"thumb": "http://i4.peapod.com/c/KK/KKNHZ.gif", "price": "399", "unit_price": "$.40/ oz", "name": "M&M's Candies Milk Chocolate Pretzels Pastels", "cnid": "60539558", "productId": "188515", "size": "9.9 oz bag"},
{"thumb": "http://i4.peapod.com/c/KK/KKNHZ.gif", "price": "399", "unit_price": "$.37/ oz", "name": "M&M's Candies Milk Chocolate Speck-Tacular EGGS!", "cnid": "60539558", "productId": "133562", "size": "10.9 oz bag"},
{"thumb": "http://i4.peapod.com/c/KK/KKNHZ.gif", "price": "399", "unit_price": "$.40/ oz", "name": "M&M's Candies Speck-Tacular EGGS! Peanut Butter Speckled Eggs", "cnid": "60539558", "productId": "186086", "size": "9.9 oz bag"},
{"thumb": "http://i4.peapod.com/c/KK/KKNHZ.gif", "price": "459", "unit_price": "$.44/ oz", "name": "Mars Chocolate Minis Mix", "cnid": "60539558", "productId": "162209", "size": "10.5 oz bag"},
{"thumb": "http://i4.peapod.com/c/KK/KKNHZ.gif", "price": "229", "unit_price": "$.14/ oz", "name": "Marshmallow Fluff", "cnid": "60539558", "productId": "70494", "size": "16 oz tub"},
{"thumb": "http://i4.peapod.com/c/KK/KKNHZ.gif", "price": "300", "unit_price": "$.38/ ea", "name": "Mentos Chewy Candies Mint - 6 pk", "cnid": "60539558", "productId": "148300", "size": "7.8 oz pkg"},
{"thumb": "http://i4.peapod.com/c/KK/KKNHZ.gif", "price": "199", "unit_price": "$.51/ oz", "name": "Nestle Butterfinger Bars - 6 ct", "cnid": "60539558", "productId": "74089", "size": "3.9 oz pkg"},
{"thumb": "http://i4.peapod.com/c/KK/KKNHZ.gif", "price": "349", "unit_price": "$.28/ oz", "name": "Nestle Butterfinger Bars Fun Size", "cnid": "60539558", "productId": "13907", "size": "12.5 oz bag"},
{"thumb": "http://i4.peapod.com/c/KK/KKNHZ.gif", "price": "139", "unit_price": "$.35/ oz", "name": "Nestle Nips Caramel", "cnid": "60539558", "productId": "1578", "size": "4 oz box"},
{"thumb": "http://i4.peapod.com/c/KK/KKNHZ.gif", "price": "139", "unit_price": "$.35/ oz", "name": "Nestle Nips Chocolate Parfait", "cnid": "60539558", "productId": "1579", "size": "4 oz box"},
{"thumb": "http://i4.peapod.com/c/KK/KKNHZ.gif", "price": "179", "unit_price": "$.58/ oz", "name": "Nestle Sno-Caps Semi-Sweet Chocolate Nonpareils Theatre Box", "cnid": "60539558", "productId": "162206", "size": "3.1 oz box"},
{"thumb": "http://i4.peapod.com/c/KK/KKNHZ.gif", "price": "329", "unit_price": "$.47/ oz", "name": "Panda Soft Licorice All Natural", "cnid": "60539558", "productId": "163459", "size": "7 oz box"},
{"thumb": "http://i4.peapod.com/c/KK/KKNHZ.gif", "price": "89", "unit_price": "$.59/ oz", "name": "PEEPS Marshmallow Chicks Pink - 5 ct", "cnid": "60539558", "productId": "192722", "size": "1.5 oz pkg"},
{"thumb": "http://i4.peapod.com/c/KK/KKNHZ.gif", "price": "89", "unit_price": "$.59/ oz", "name": "PEEPS Marshmallow Chicks Purple - 5 ct", "cnid": "60539558", "productId": "192723", "size": "1.5 oz pkg"},
{"thumb": "http://i4.peapod.com/c/KK/KKNHZ.gif", "price": "89", "unit_price": "$.59/ oz", "name": "PEEPS Marshmallow Chicks Yellow - 5 ct", "cnid": "60539558", "productId": "158047", "size": "1.5 oz pkg"},
{"thumb": "http://i4.peapod.com/c/KK/KKNHZ.gif", "price": "499", "unit_price": "$.55/ oz", "name": "Reese's Peanut Butter Cups - 6 pk", "cnid": "60539558", "productId": "42476", "size": "9 oz pkg"},
{"thumb": "http://i4.peapod.com/c/KK/KKNHZ.gif", "price": "599", "unit_price": "$.30/ oz", "name": "Reese's Peanut Butter Cups Miniatures", "cnid": "60539558", "productId": "154400", "size": "19.7 oz bag"},
{"thumb": "http://i4.peapod.com/c/KK/KKNHZ.gif", "price": "210", "unit_price": "$.17/ oz", "name": "Reese's Peanut Butter Cups Miniatures", "cnid": "60539558", "productId": "3226", "size": "12 oz bag"},
{"thumb": "http://i4.peapod.com/c/KK/KKNHZ.gif", "price": "369", "unit_price": "$.34/ oz", "name": "Reese's Peanut Butter Cups Miniatures Pastels", "cnid": "60539558", "productId": "24521", "size": "11 oz bag"},
{"thumb": "http://i4.peapod.com/c/KK/KKNHZ.gif", "price": "259", "unit_price": "$.86/ oz", "name": "Reese's Peanut Butter Cups Miniatures Sugar Free", "cnid": "60539558", "productId": "129724", "size": "3 oz bag"},
{"thumb": "http://i4.peapod.com/c/KK/KKNHZ.gif", "price": "150", "unit_price": "$.34/ oz", "name": "Reese's Peanut Butter Cups Pack A Snack! - 8 ct", "cnid": "60539558", "productId": "40403", "size": "4.4 oz pkg"},
{"thumb": "http://i4.peapod.com/c/KK/KKNHZ.gif", "price": "399", "unit_price": "$.55/ oz", "name": "Reese's Peanut Butter Eggs - 6 ct", "cnid": "60539558", "productId": "162099", "size": "7.2 oz pkg"},
{"thumb": "http://i4.peapod.com/c/KK/KKNHZ.gif", "price": "369", "unit_price": "$.34/ oz", "name": "Reese's Peanut Butter Eggs Snack Size", "cnid": "60539558", "productId": "127162", "size": "10.8 oz bag"},
{"thumb": "http://i4.peapod.com/c/KK/KKNHZ.gif", "price": "333", "unit_price": "$.32/ oz", "name": "Reese's Pieces Peanut Butter Candy", "cnid": "60539558", "productId": "157506", "size": "10.5 oz bag"},
{"thumb": "http://i4.peapod.com/c/KK/KKNHZ.gif", "price": "125", "unit_price": "$.31/ oz", "name": "Reese's Pieces Peanut Butter Candy Theatre Box", "cnid": "60539558", "productId": "153958", "size": "4 oz box"},
{"thumb": "http://i4.peapod.com/c/KK/KKNHZ.gif", "price": "219", "unit_price": "$.73/ oz", "name": "Russell Stover Bunny Solid Dark Chocolate", "cnid": "60539558", "productId": "162078", "size": "3 oz pkg"},
{"thumb": "http://i4.peapod.com/c/KK/KKNHZ.gif", "price": "219", "unit_price": "$.73/ oz", "name": "Russell Stover Bunny Solid Milk Chocolate", "cnid": "60539558", "productId": "162194", "size": "3 oz pkg"},
{"thumb": "http://i4.peapod.com/c/KK/KKNHZ.gif", "price": "219", "unit_price": "$.73/ oz", "name": "Russell Stover Bunny Solid White Pastelle (White Chocolate)", "cnid": "60539558", "productId": "162101", "size": "3 oz box"},
{"thumb": "http://i4.peapod.com/c/KK/KKNHZ.gif", "price": "379", "unit_price": "$.27/ oz", "name": "Skittles Bite Size Candies Original", "cnid": "60539558", "productId": "4070", "size": "14 oz bag"},
{"thumb": "http://i4.peapod.com/c/KK/KKNHZ.gif", "price": "299", "unit_price": "$.24/ oz", "name": "Smucker's Topping Marshmallow Fat Free", "cnid": "60539558", "productId": "13845", "size": "12.2 oz jar"},
{"thumb": "http://i4.peapod.com/c/KK/KKNHZ.gif", "price": "459", "unit_price": "$.40/ oz", "name": "Snickers Minis", "cnid": "60539558", "productId": "26987", "size": "11.5 oz bag"},
{"thumb": "http://i4.peapod.com/c/KK/KKNHZ.gif", "price": "249", "unit_price": "$.31/ oz", "name": "Sour Patch Soft & Chewy Candy Watermelon", "cnid": "60539558", "productId": "162207", "size": "8 oz bag"},
{"thumb": "http://i4.peapod.com/c/KK/KKNHZ.gif", "price": "379", "unit_price": "$.27/ oz", "name": "Starburst Fruit Chews Original", "cnid": "60539558", "productId": "4069", "size": "14 oz bag"},
{"thumb": "http://i4.peapod.com/c/KK/KKNHZ.gif", "price": "219", "unit_price": "$.12/ oz", "name": "Stop & Shop Jelly Eggs", "cnid": "60539558", "productId": "189886", "size": "18 oz pkg"},
{"thumb": "http://i4.peapod.com/c/KK/KKNHZ.gif", "price": "139", "unit_price": "$.15/ oz", "name": "Stop & Shop Jelly Eggs", "cnid": "60539558", "productId": "186440", "size": "9 oz bag"},
{"thumb": "http://i4.peapod.com/c/KK/KKNHZ.gif", "price": "139", "unit_price": "$.15/ oz", "name": "Stop & Shop Jelly Eggs Speckled", "cnid": "60539558", "productId": "186439", "size": "9 oz bag"},
{"thumb": "http://i4.peapod.com/c/KK/KKNHZ.gif", "price": "100", "unit_price": "$.10/ oz", "name": "Stop & Shop Marshmallows", "cnid": "60539558", "productId": "57638", "size": "10 oz bag"},
{"thumb": "http://i4.peapod.com/c/KK/KKNHZ.gif", "price": "100", "unit_price": "$.10/ oz", "name": "Stop & Shop Marshmallows Mini", "cnid": "60539558", "productId": "58103", "size": "10 oz bag"},
{"thumb": "http://i4.peapod.com/c/KK/KKNHZ.gif", "price": "299", "unit_price": "$.21/ oz", "name": "Swedish Fish Original Red", "cnid": "60539558", "productId": "123986", "size": "14 oz bag"},
{"thumb": "http://i4.peapod.com/c/KK/KKNHZ.gif", "price": "249", "unit_price": "$.31/ oz", "name": "Swedish Fish Original Red", "cnid": "60539558", "productId": "162208", "size": "8 oz bag"},
{"thumb": "http://i4.peapod.com/c/KK/KKNHZ.gif", "price": "399", "unit_price": "$1.00/ ea", "name": "Tic Tac Freshmints - 4 pk", "cnid": "60539558", "productId": "129034", "size": "4 oz pkg"},
{"thumb": "http://i4.peapod.com/c/KK/KKNHZ.gif", "price": "399", "unit_price": "$1.00/ ea", "name": "Tic Tac Mints Wintergreen - 4 ct", "cnid": "60539558", "productId": "162214", "size": "4 oz pkg"},
{"thumb": "http://i4.peapod.com/c/KK/KKNHZ.gif", "price": "259", "unit_price": "$.74/ oz", "name": "Toblerone Swiss Milk Chocolate Bar with Honey & Almond Nougat", "cnid": "60539558", "productId": "35797", "size": "3.5 oz bar"},
{"thumb": "http://i4.peapod.com/c/KK/KKNHZ.gif", "price": "300", "unit_price": "$.25/ oz", "name": "Tootsie Roll Midgees", "cnid": "60539558", "productId": "33274", "size": "12 oz bag"},
{"thumb": "http://i4.peapod.com/c/KK/KKNHZ.gif", "price": "300", "unit_price": "$.30/ oz", "name": "Tootsie Roll Pops Assorted Flavors", "cnid": "60539558", "productId": "20524", "size": "10.1 oz bag"},
{"thumb": "http://i4.peapod.com/c/KK/KKNHZ.gif", "price": "329", "unit_price": "$.06/ ea", "name": "Trident Gum Bubble Gum Sugar Free - 3 pk", "cnid": "60539558", "productId": "130374", "size": "54 ct pkg"},
{"thumb": "http://i4.peapod.com/c/KK/KKNHZ.gif", "price": "129", "unit_price": "$.07/ ea", "name": "Trident Gum Bubble Gum Sugar Free Single Pack", "cnid": "60539558", "productId": "525", "size": "18 ct pkg"},
{"thumb": "http://i4.peapod.com/c/KK/KKNHZ.gif", "price": "129", "unit_price": "$.07/ ea", "name": "Trident Gum Original Flavor Sugar Free Single Pack", "cnid": "60539558", "productId": "516", "size": "18 ct pkg"},
{"thumb": "http://i4.peapod.com/c/KK/KKNHZ.gif", "price": "329", "unit_price": "$.06/ ea", "name": "Trident Gum Wintergreen Sugar Free - 3 pk", "cnid": "60539558", "productId": "162213", "size": "54 ct pkg"},
{"thumb": "http://i4.peapod.com/c/KK/KKNHZ.gif", "price": "149", "unit_price": "$.11/ ea", "name": "Trident Layers Gum Green Apple + Golden Pineapple Sugar Free Single Pack", "cnid": "60539558", "productId": "162475", "size": "14 ct pkg"},
{"thumb": "http://i4.peapod.com/c/KK/KKNHZ.gif", "price": "199", "unit_price": "$.61/ oz", "name": "Twix Cookie Bars Caramel Fun Size - 6 ct", "cnid": "60539558", "productId": "34081", "size": "3.28 oz pkg"},
{"thumb": "http://i4.peapod.com/c/KK/KKNHZ.gif", "price": "279", "unit_price": "$.17/ oz", "name": "Twizzlers Cherry Bites", "cnid": "60539558", "productId": "45909", "size": "16 oz bag"},
{"thumb": "http://i4.peapod.com/c/KK/KKNHZ.gif", "price": "279", "unit_price": "$.22/ oz", "name": "Twizzlers Rainbow Twists", "cnid": "60539558", "productId": "145736", "size": "12.4 oz bag"},
{"thumb": "http://i4.peapod.com/c/KK/KKNHZ.gif", "price": "279", "unit_price": "$.17/ oz", "name": "Twizzlers Strawberry Twists", "cnid": "60539558", "productId": "3228", "size": "16 oz bag"},
{"thumb": "http://i4.peapod.com/c/KK/KKNHZ.gif", "price": "249", "unit_price": "$.90/ oz", "name": "Werther's Original Candy Sugar Free", "cnid": "60539558", "productId": "138188", "size": "2.75 oz bag"},
{"thumb": "http://i4.peapod.com/c/KK/KKNHZ.gif", "price": "349", "unit_price": "$.39/ oz", "name": "Werthers Candy Original Butter", "cnid": "60539558", "productId": "39896", "size": "9 oz bag"},
{"thumb": "http://i4.peapod.com/c/KK/KKNHZ.gif", "price": "125", "unit_price": "$.25/ oz", "name": "WHOPPERS Malted Milk Balls Theatre Box", "cnid": "60539558", "productId": "153957", "size": "5 oz box"},
{"thumb": "http://i4.peapod.com/c/KK/KKNHZ.gif", "price": "269", "unit_price": "$.27/ oz", "name": "WHOPPERS Robin Eggs Malted Milk Candy", "cnid": "60539558", "productId": "144070", "size": "10 oz bag"},
{"thumb": "http://i4.peapod.com/c/KK/KKNHZ.gif", "price": "399", "unit_price": "$.09/ ea", "name": "Wrigley's 5 Gum Cobalt Sugar Free - 3 pk", "cnid": "60539558", "productId": "155666", "size": "45 ct pkg"},
{"thumb": "http://i4.peapod.com/c/KK/KKNHZ.gif", "price": "399", "unit_price": "$.09/ ea", "name": "Wrigley's 5 Gum Rain Tingling Spearmint Sugar Free - 3 pk", "cnid": "60539558", "productId": "160683", "size": "45 ct pkg"},
{"thumb": "http://i4.peapod.com/c/KK/KKNHZ.gif", "price": "149", "unit_price": "$.10/ ea", "name": "Wrigley's 5 Gum RPM Mint Sugar Free Single Pack", "cnid": "60539558", "productId": "188017", "size": "15 ct pkg"},
{"thumb": "http://i4.peapod.com/c/KK/KKNHZ.gif", "price": "399", "unit_price": "$.07/ ea", "name": "Wrigley's Eclipse Gum Spearmint Sugar Free", "cnid": "60539558", "productId": "167962", "size": "60 ct can"},
{"thumb": "http://i4.peapod.com/c/KK/KKNHZ.gif", "price": "139", "unit_price": "$.12/ ea", "name": "Wrigley's Eclipse Gum Winterfrost Sugar Free Single Pack", "cnid": "60539558", "productId": "118104", "size": "12 ct pkg"},
{"thumb": "http://i4.peapod.com/c/KK/KKNHZ.gif", "price": "129", "unit_price": "$.09/ ea", "name": "Wrigley's Extra Dessert Delights Gum Mint Chocolate Chip Sugar Free Single", "cnid": "60539558", "productId": "165660", "size": "15 ct pkg"},
{"thumb": "http://i4.peapod.com/c/KK/KKNHZ.gif", "price": "250", "unit_price": "$.06/ ea", "name": "Wrigley's Extra Gum Classic Bubble Gum Sugar Free - 3 pk", "cnid": "60539558", "productId": "162211", "size": "45 ct pkg"},
{"thumb": "http://i4.peapod.com/c/KK/KKNHZ.gif", "price": "250", "unit_price": "$.06/ ea", "name": "Wrigley's Extra Gum Peppermint Sugar Free - 3 pk", "cnid": "60539558", "productId": "159787", "size": "45 ct pkg"},
{"thumb": "http://i4.peapod.com/c/KK/KKNHZ.gif", "price": "250", "unit_price": "$.06/ ea", "name": "Wrigley's Extra Gum Polar Ice Sugar Free - 3 pk", "cnid": "60539558", "productId": "159790", "size": "45 ct pkg"},
{"thumb": "http://i4.peapod.com/c/KK/KKNHZ.gif", "price": "129", "unit_price": "$.09/ ea", "name": "Wrigley's Juicy Fruit Gum Slim Pack Single Pack", "cnid": "60539558", "productId": "1946", "size": "15 ct pkg"},
{"thumb": "http://i4.peapod.com/c/KK/KKNHZ.gif", "price": "129", "unit_price": "$.09/ ea", "name": "Wrigley's Orbit Gum Bubblemint Sugar Free Single Pack", "cnid": "60539558", "productId": "131954", "size": "14 ct pkg"},
{"thumb": "http://i4.peapod.com/c/KK/KKNHZ.gif", "price": "129", "unit_price": "$.09/ ea", "name": "Wrigley's Orbit Gum Peppermint Sugar Free", "cnid": "60539558", "productId": "179460", "size": "14 ct pkg"},
{"thumb": "http://i4.peapod.com/c/KK/KKNHZ.gif", "price": "129", "unit_price": "$.09/ ea", "name": "Wrigley's Orbit Gum Spearmint Sugar Free Single Pack", "cnid": "60539558", "productId": "131955", "size": "14 ct pkg"},
{"thumb": "http://i4.peapod.com/c/KK/KKNHZ.gif", "price": "129", "unit_price": "$.09/ ea", "name": "Wrigley's Orbit Gum Wintermint Sugar Free Single Pack", "cnid": "60539558", "productId": "145106", "size": "14 ct pkg"},
{"thumb": "http://i4.peapod.com/c/KK/KKNHZ.gif", "price": "399", "unit_price": "$.09/ ea", "name": "Wrigley's Orbit Mist Gum Peppermint Spray Sugar Free - 3 pk", "cnid": "60539558", "productId": "175045", "size": "42 ct pkg"},
{"thumb": "http://i4.peapod.com/c/KK/KKNHZ.gif", "price": "210", "unit_price": "$.17/ oz", "name": "York Peppermint Patties", "cnid": "60539558", "productId": "3205", "size": "12 oz bag"},
{"thumb": "http://i4.peapod.com/c/KK/KKNHZ.gif", "price": "599", "unit_price": "$.30/ oz", "name": "York Peppermint Patties Mini Big Bag", "cnid": "60539558", "productId": "131164", "size": "19.7 oz bag"},
{"thumb": "http://i4.peapod.com/c/KK/KKNHZ.gif", "price": "333", "unit_price": "$.32/ oz", "name": "York Peppermint Pieces Candy Pouch", "cnid": "60539558", "productId": "157507", "size": "10.5 oz bag"},
{"thumb": "http://i4.peapod.com/c/KK/KKNHZ.gif", "price": "459", "unit_price": "$.46/ oz", "name": "3 Musketeers Bars Miniatures", "cnid": "57539584", "productId": "49891", "size": "10 oz bag"},
{"thumb": "http://i4.peapod.com/c/KK/KKNHZ.gif", "price": "150", "unit_price": "$.31/ oz", "name": "Almond Joy Milk Chocolate Candy Bar with Coconut & Almonds - 8 ct", "cnid": "57539584", "productId": "153871", "size": "4.8 oz pkg"},
{"thumb": "http://i4.peapod.com/c/KK/KKNHZ.gif", "price": "333", "unit_price": "$.33/ oz", "name": "Almond Joy Pieces Candy Pouch", "cnid": "57539584", "productId": "157508", "size": "10 oz bag"},
{"thumb": "http://i4.peapod.com/c/KK/KKNHZ.gif", "price": "219", "unit_price": "$1.24/ oz", "name": "Altoids Curiously Strong Mints Wintergreen", "cnid": "57539584", "productId": "163840", "size": "1.76 oz tin"},
{"thumb": "http://i4.peapod.com/c/KK/KKNHZ.gif", "price": "219", "unit_price": "$1.24/ oz", "name": "Altoids Curiously Strong Peppermint Mints", "cnid": "57539584", "productId": "15082", "size": "1.76 oz tin"},
{"thumb": "http://i4.peapod.com/c/KK/KKNHZ.gif", "price": "225", "unit_price": "$.48/ oz", "name": "Andes Chocolate Mints Creme De Menthe - 28 ct", "cnid": "57539584", "productId": "12821", "size": "4.67 oz box"},
{"thumb": "http://i4.peapod.com/c/KK/KKNHZ.gif", "price": "649", "unit_price": "$1.08/ oz", "name": "Atkins Endulge Peanut Butter Cups - 5 ct", "cnid": "57539584", "productId": "132635", "size": "6 oz box"},
{"thumb": "http://i4.peapod.com/c/KK/KKNHZ.gif", "price": "159", "unit_price": "$.18/ oz", "name": "Brach's Jelly Bird Eggs Classic", "cnid": "57539584", "productId": "13192", "size": "9 oz bag"},
{"thumb": "http://i4.peapod.com/c/KK/KKNHZ.gif", "price": "159", "unit_price": "$.18/ oz", "name": "Brach's Jelly Bird Eggs Spiced", "cnid": "57539584", "productId": "157450", "size": "9 oz bag"},
{"thumb": "http://i4.peapod.com/c/KK/KKNHZ.gif", "price": "299", "unit_price": "$.60/ ea", "name": "Breathsavers Mints Peppermint Sugar Free - 5 rolls", "cnid": "57539584", "productId": "99678", "size": "5 roll pkg"},
{"thumb": "http://i4.peapod.com/c/KK/KKNHZ.gif", "price": "299", "unit_price": "$.60/ ea", "name": "Breathsavers Mints Wintergreen Sugar Free - 5 rolls", "cnid": "57539584", "productId": "99680", "size": "5 roll pkg"},
{"thumb": "http://i4.peapod.com/c/KK/KKNHZ.gif", "price": "329", "unit_price": "$.69/ oz", "name": "Cadbury Caramel Eggs - 4 ct", "cnid": "57539584", "productId": "49272", "size": "4.8 oz pkg"},
{"thumb": "http://i4.peapod.com/c/KK/KKNHZ.gif", "price": "329", "unit_price": "$.69/ oz", "name": "Cadbury Creme Eggs - 4 ct", "cnid": "57539584", "productId": "18792", "size": "4.8 oz box"},
{"thumb": "http://i4.peapod.com/c/KK/KKNHZ.gif", "price": "200", "unit_price": "$.57/ oz", "name": "Cadbury Dairy Milk Chocolate Bar", "cnid": "57539584", "productId": "6612", "size": "3.5 oz bar"},
{"thumb": "http://i4.peapod.com/c/KK/KKNHZ.gif", "price": "200", "unit_price": "$.57/ oz", "name": "Cadbury Fruit & Nut Milk Chocolate Bar with Raisins & Almonds", "cnid": "57539584", "productId": "6613", "size": "3.5 oz bar"},
{"thumb": "http://i4.peapod.com/c/KK/KKNHZ.gif", "price": "369", "unit_price": "$.37/ oz", "name": "Cadbury Milk Chocolate Mini Eggs", "cnid": "57539584", "productId": "40527", "size": "10 oz bag"},
{"thumb": "http://i4.peapod.com/c/KK/KKNHZ.gif", "price": "299", "unit_price": "$.29/ oz", "name": "Charms Blow Pops Bubble Gum Filled Assorted Flavors", "cnid": "57539584", "productId": "79409", "size": "10.4 oz bag"},
{"thumb": "http://i4.peapod.com/c/KK/KKNHZ.gif", "price": "279", "unit_price": "$.08/ ea", "name": "Dentyne Ice Gum Peppermint - 3 pk", "cnid": "57539584", "productId": "119098", "size": "36 ct pkg"},
{"thumb": "http://i4.peapod.com/c/KK/KKNHZ.gif", "price": "479", "unit_price": "$.50/ oz", "name": "Dove Promises Silky Smooth Milk Chocolate", "cnid": "57539584", "productId": "130688", "size": "9.5 oz bag"},
{"thumb": "http://i4.peapod.com/c/KK/KKNHZ.gif", "price": "199", "unit_price": "$.66/ oz", "name": "Elite Bittersweet Chocolate Bar Kosher for Passover", "cnid": "57539584", "productId": "130111", "size": "3 oz bar"},
{"thumb": "http://i4.peapod.com/c/KK/KKNHZ.gif", "price": "299", "unit_price": "$1.00/ oz", "name": "Endangered Species Dark Chocolate 72% Cocoa All Natural", "cnid": "57539584", "productId": "155697", "size": "3 oz bar"},
{"thumb": "http://i4.peapod.com/c/KK/KKNHZ.gif", "price": "299", "unit_price": "$1.00/ oz", "name": "Endangered Species Dark Chocolate w/Cranberries/Almonds 72% Cocoa Natural", "cnid": "57539584", "productId": "155131", "size": "3 oz bar"},
{"thumb": "http://i4.peapod.com/c/KK/KKNHZ.gif", "price": "299", "unit_price": "$1.00/ oz", "name": "Endangered Species Dark Chocolate w/Espresso Beans 72% Cocoa All Natural", "cnid": "57539584", "productId": "155698", "size": "3 oz bar"},
{"thumb": "http://i4.peapod.com/c/KK/KKNHZ.gif", "price": "350", "unit_price": "$.66/ oz", "name": "Ferrero Rocher Chocolates Hazelnut - 12 ct", "cnid": "57539584", "productId": "99628", "size": "5.3 oz pkg"},
{"thumb": "http://i4.peapod.com/c/KK/KKNHZ.gif", "price": "299", "unit_price": "$.25/ oz", "name": "Goetze Caramel Creams", "cnid": "57539584", "productId": "33723", "size": "12 oz bag"},
{"thumb": "http://i4.peapod.com/c/KK/KKNHZ.gif", "price": "125", "unit_price": "$.21/ oz", "name": "Good & Plenty Theatre Box", "cnid": "57539584", "productId": "153894", "size": "6 oz box"},
{"thumb": "http://i4.peapod.com/c/KK/KKNHZ.gif", "price": "349", "unit_price": "$1.00/ oz", "name": "Green & Black's Dark Chocolate Bar with Hazelnuts & Currants Organic", "cnid": "57539584", "productId": "142566", "size": "3.5 oz bar"},
{"thumb": "http://i4.peapod.com/c/KK/KKNHZ.gif", "price": "349", "unit_price": "$1.00/ oz", "name": "Green & Black's Milk Chocolate Bar 34% Cocoa Organic", "cnid": "57539584", "productId": "142568", "size": "3.5 oz bar"},
{"thumb": "http://i4.peapod.com/c/KK/KKNHZ.gif", "price": "150", "unit_price": "$.42/ oz", "name": "Hershey's Bars Milk Chocolate Fun Size - 8 ct", "cnid": "57539584", "productId": "145851", "size": "3.6 oz pkg"},
{"thumb": "http://i4.peapod.com/c/KK/KKNHZ.gif", "price": "400", "unit_price": "$.42/ oz", "name": "Hershey's Bliss Dark Chocolate", "cnid": "57539584", "productId": "153833", "size": "9.6 oz bag"},
{"thumb": "http://i4.peapod.com/c/KK/KKNHZ.gif", "price": "400", "unit_price": "$.42/ oz", "name": "Hershey's Bliss Milk Chocolate", "cnid": "57539584", "productId": "153832", "size": "9.6 oz bag"},
{"thumb": "http://i4.peapod.com/c/KK/KKNHZ.gif", "price": "369", "unit_price": "$.37/ oz", "name": "Hershey's Eggs Milk Chocolate Pastels", "cnid": "57539584", "productId": "13180", "size": "10 oz bag"},
{"thumb": "http://i4.peapod.com/c/KK/KKNHZ.gif", "price": "369", "unit_price": "$.37/ oz", "name": "Hershey's Eggs Special Dark Chocolate Pastels", "cnid": "57539584", "productId": "156463", "size": "10 oz bag"},
{"thumb": "http://i4.peapod.com/c/KK/KKNHZ.gif", "price": "210", "unit_price": "$.17/ oz", "name": "Hershey's Kisses Milk Chocolate Classic Bag", "cnid": "57539584", "productId": "3209", "size": "12 oz bag"},
{"thumb": "http://i4.peapod.com/c/KK/KKNHZ.gif", "price": "599", "unit_price": "$.30/ oz", "name": "Hershey's Kisses Milk Chocolate Family Bag", "cnid": "57539584", "productId": "26976", "size": "19.7 oz bag"},
{"thumb": "http://i4.peapod.com/c/KK/KKNHZ.gif", "price": "369", "unit_price": "$.34/ oz", "name": "Hershey's Kisses Milk Chocolate Pastels", "cnid": "57539584", "productId": "24522", "size": "11 oz bag"},
{"thumb": "http://i4.peapod.com/c/KK/KKNHZ.gif", "price": "210", "unit_price": "$.19/ oz", "name": "Hershey's Kisses Milk Chocolate with Almonds Classic Bag", "cnid": "57539584", "productId": "26974", "size": "11 oz bag"},
{"thumb": "http://i4.peapod.com/c/KK/KKNHZ.gif", "price": "210", "unit_price": "$.17/ oz", "name": "Hershey's Kisses Special Dark Chocolate Classic Bag", "cnid": "57539584", "productId": "146286", "size": "12 oz bag"},
{"thumb": "http://i4.peapod.com/c/KK/KKNHZ.gif", "price": "499", "unit_price": "$.55/ oz", "name": "Hershey's Kit Kat Candy Bars - 6 ct", "cnid": "57539584", "productId": "3222", "size": "9 oz pkg"},
{"thumb": "http://i4.peapod.com/c/KK/KKNHZ.gif", "price": "150", "unit_price": "$.38/ oz", "name": "Hershey's Kit Kat Candy Bars - 8 ct", "cnid": "57539584", "productId": "102402", "size": "3.92 oz pkg"},
{"thumb": "http://i4.peapod.com/c/KK/KKNHZ.gif", "price": "200", "unit_price": "$.46/ oz", "name": "Hershey's Milk Chocolate Bar", "cnid": "57539584", "productId": "3215", "size": "4.4 oz bar"},
{"thumb": "http://i4.peapod.com/c/KK/KKNHZ.gif", "price": "499", "unit_price": "$.54/ oz", "name": "Hershey's Milk Chocolate Bars - 6 ct", "cnid": "57539584", "productId": "3221", "size": "9.3 oz pkg"},
{"thumb": "http://i4.peapod.com/c/KK/KKNHZ.gif", "price": "499", "unit_price": "$.57/ oz", "name": "Hershey's Milk Chocolate Bars with Almonds - 6 ct", "cnid": "57539584", "productId": "74320", "size": "8.7 oz pkg"},
{"thumb": "http://i4.peapod.com/c/KK/KKNHZ.gif", "price": "200", "unit_price": "$.47/ oz", "name": "Hershey's Milk Chocolate Bar with Almonds", "cnid": "57539584", "productId": "3216", "size": "4.25 oz bar"},
{"thumb": "http://i4.peapod.com/c/KK/KKNHZ.gif", "price": "369", "unit_price": "$.37/ oz", "name": "Hershey's Milk Chocolate Extra Creamy Eggs", "cnid": "57539584", "productId": "188308", "size": "10 oz bag"},
{"thumb": "http://i4.peapod.com/c/KK/KKNHZ.gif", "price": "125", "unit_price": "$.25/ oz", "name": "Hershey's Milk Duds Candy Theatre Box", "cnid": "57539584", "productId": "145880", "size": "5 oz box"},
{"thumb": "http://i4.peapod.com/c/KK/KKNHZ.gif", "price": "369", "unit_price": "$.34/ oz", "name": "Hershey's Miniatures (Milk & Dark Chocolate/Mr. Goodbar/Krackel) Pastels", "cnid": "57539584", "productId": "24520", "size": "11 oz bag"},
{"thumb": "http://i4.peapod.com/c/KK/KKNHZ.gif", "price": "599", "unit_price": "$.30/ oz", "name": "Hershey's Miniatures Assorted Family Bag", "cnid": "57539584", "productId": "129717", "size": "19.7 oz bag"},
{"thumb": "http://i4.peapod.com/c/KK/KKNHZ.gif", "price": "210", "unit_price": "$.17/ oz", "name": "Hershey's Miniatures Chocolates Assorted", "cnid": "57539584", "productId": "26971", "size": "12 oz bag"},
{"thumb": "http://i4.peapod.com/c/KK/KKNHZ.gif", "price": "210", "unit_price": "$.17/ oz", "name": "Hershey's Nuggets Milk Chocolate Classic Bag", "cnid": "57539584", "productId": "34281", "size": "12 oz bag"},
{"thumb": "http://i4.peapod.com/c/KK/KKNHZ.gif", "price": "210", "unit_price": "$.17/ oz", "name": "Hershey's Nuggets Milk Chocolate with Almonds", "cnid": "57539584", "productId": "39836", "size": "12 oz bag"},
{"thumb": "http://i4.peapod.com/c/KK/KKNHZ.gif", "price": "210", "unit_price": "$.17/ oz", "name": "Hershey's Nuggets Special Dark Chocolate with Almonds", "cnid": "57539584", "productId": "102152", "size": "12 oz bag"},
{"thumb": "http://i4.peapod.com/c/KK/KKNHZ.gif", "price": "200", "unit_price": "$.47/ oz", "name": "Hershey's Special Dark Chocolate Bar", "cnid": "57539584", "productId": "3217", "size": "4.25 oz bar"},
{"thumb": "http://i4.peapod.com/c/KK/KKNHZ.gif", "price": "259", "unit_price": "$.86/ oz", "name": "Hershey's Special Dark Dark Chocolates Sugar Free", "cnid": "57539584", "productId": "129726", "size": "3 oz bag"},
{"thumb": "http://i4.peapod.com/c/KK/KKNHZ.gif", "price": "169", "unit_price": "$.28/ oz", "name": "Jujyfruits Candy", "cnid": "57539584", "productId": "33743", "size": "6 oz box"},
{"thumb": "http://i4.peapod.com/c/KK/KKNHZ.gif", "price": "125", "unit_price": "$.12/ oz", "name": "Kraft Jet-Puffed Marshmallows", "cnid": "57539584", "productId": "1869", "size": "10 oz bag"},
{"thumb": "http://i4.peapod.com/c/KK/KKNHZ.gif", "price": "239", "unit_price": "$.34/ oz", "name": "Lifesavers Gummies 5 Flavors", "cnid": "57539584", "productId": "155654", "size": "7 oz bag"},
{"thumb": "http://i4.peapod.com/c/KK/KKNHZ.gif", "price": "249", "unit_price": "$.40/ oz", "name": "Lifesavers Hard Candy Five Flavors", "cnid": "57539584", "productId": "30668", "size": "6.25 oz bag"},
{"thumb": "http://i4.peapod.com/c/KK/KKNHZ.gif", "price": "249", "unit_price": "$.90/ oz", "name": "Lifesavers Hard Candy Wint O Green Sugar Free", "cnid": "57539584", "productId": "162215", "size": "2.75 oz bag"},
{"thumb": "http://i4.peapod.com/c/KK/KKNHZ.gif", "price": "279", "unit_price": "$.80/ oz", "name": "Lindt Excellence Dark Chocolate Bar Extra Fine 85% Cocoa", "cnid": "57539584", "productId": "159782", "size": "3.5 oz bar"},
{"thumb": "http://i4.peapod.com/c/KK/KKNHZ.gif", "price": "279", "unit_price": "$.80/ oz", "name": "Lindt Excellence Dark Chocolate Bar Intense Orange", "cnid": "57539584", "productId": "162204", "size": "3.5 oz bar"},
{"thumb": "http://i4.peapod.com/c/KK/KKNHZ.gif", "price": "399", "unit_price": "$1.14/ oz", "name": "Lindt Gold Bunny Dark Chocolate", "cnid": "57539584", "productId": "162196", "size": "3.5 oz pkg"},
{"thumb": "http://i4.peapod.com/c/KK/KKNHZ.gif", "price": "399", "unit_price": "$1.14/ oz", "name": "Lindt Gold Bunny Milk Chocolate", "cnid": "57539584", "productId": "153877", "size": "3.5 oz pkg"},
{"thumb": "http://i4.peapod.com/c/KK/KKNHZ.gif", "price": "659", "unit_price": "$.34/ oz", "name": "M&M's Candies Milk Chocolate", "cnid": "57539584", "productId": "130690", "size": "19.2 oz bag"},
{"thumb": "http://i4.peapod.com/c/KK/KKNHZ.gif", "price": "399", "unit_price": "$.32/ oz", "name": "M&M's Candies Milk Chocolate", "cnid": "57539584", "productId": "4074", "size": "12.6 oz bag"},
{"thumb": "http://i4.peapod.com/c/KK/KKNHZ.gif", "price": "399", "unit_price": "$.32/ oz", "name": "M&M's Candies Milk Chocolate Bunny Mix Pastels", "cnid": "57539584", "productId": "13179", "size": "12.6 oz bag"},
{"thumb": "http://i4.peapod.com/c/KK/KKNHZ.gif", "price": "399", "unit_price": "$.32/ oz", "name": "M&M's Candies Milk Chocolate Peanut", "cnid": "57539584", "productId": "4075", "size": "12.6 oz bag"},
{"thumb": "http://i4.peapod.com/c/KK/KKNHZ.gif", "price": "659", "unit_price": "$.34/ oz", "name": "M&M's Candies Milk Chocolate Peanut", "cnid": "57539584", "productId": "74324", "size": "19.2 oz bag"},
{"thumb": "http://i4.peapod.com/c/KK/KKNHZ.gif", "price": "399", "unit_price": "$.32/ oz", "name": "M&M's Candies Milk Chocolate Peanut Bunny Mix Pastels", "cnid": "57539584", "productId": "13177", "size": "12.6 oz bag"},
{"thumb": "http://i4.peapod.com/c/KK/KKNHZ.gif", "price": "399", "unit_price": "$.40/ oz", "name": "M&M's Candies Milk Chocolate Pretzel", "cnid": "57539584", "productId": "162205", "size": "9.9 oz bag"},
{"thumb": "http://i4.peapod.com/c/KK/KKNHZ.gif", "price": "399", "unit_price": "$.40/ oz", "name": "M&M's Candies Milk Chocolate Pretzels Pastels", "cnid": "57539584", "productId": "188515", "size": "9.9 oz bag"},
{"thumb": "http://i4.peapod.com/c/KK/KKNHZ.gif", "price": "399", "unit_price": "$.37/ oz", "name": "M&M's Candies Milk Chocolate Speck-Tacular EGGS!", "cnid": "57539584", "productId": "133562", "size": "10.9 oz bag"},
{"thumb": "http://i4.peapod.com/c/KK/KKNHZ.gif", "price": "399", "unit_price": "$.40/ oz", "name": "M&M's Candies Speck-Tacular EGGS! Peanut Butter Speckled Eggs", "cnid": "57539584", "productId": "186086", "size": "9.9 oz bag"},
{"thumb": "http://i4.peapod.com/c/KK/KKNHZ.gif", "price": "459", "unit_price": "$.44/ oz", "name": "Mars Chocolate Minis Mix", "cnid": "57539584", "productId": "162209", "size": "10.5 oz bag"},
{"thumb": "http://i4.peapod.com/c/KK/KKNHZ.gif", "price": "229", "unit_price": "$.14/ oz", "name": "Marshmallow Fluff", "cnid": "57539584", "productId": "70494", "size": "16 oz tub"},
{"thumb": "http://i4.peapod.com/c/KK/KKNHZ.gif", "price": "300", "unit_price": "$.38/ ea", "name": "Mentos Chewy Candies Mint - 6 pk", "cnid": "57539584", "productId": "148300", "size": "7.8 oz pkg"},
{"thumb": "http://i4.peapod.com/c/KK/KKNHZ.gif", "price": "199", "unit_price": "$.51/ oz", "name": "Nestle Butterfinger Bars - 6 ct", "cnid": "57539584", "productId": "74089", "size": "3.9 oz pkg"},
{"thumb": "http://i4.peapod.com/c/KK/KKNHZ.gif", "price": "349", "unit_price": "$.28/ oz", "name": "Nestle Butterfinger Bars Fun Size", "cnid": "57539584", "productId": "13907", "size": "12.5 oz bag"},
{"thumb": "http://i4.peapod.com/c/KK/KKNHZ.gif", "price": "139", "unit_price": "$.35/ oz", "name": "Nestle Nips Caramel", "cnid": "57539584", "productId": "1578", "size": "4 oz box"},
{"thumb": "http://i4.peapod.com/c/KK/KKNHZ.gif", "price": "139", "unit_price": "$.35/ oz", "name": "Nestle Nips Chocolate Parfait", "cnid": "57539584", "productId": "1579", "size": "4 oz box"},
{"thumb": "http://i4.peapod.com/c/KK/KKNHZ.gif", "price": "179", "unit_price": "$.58/ oz", "name": "Nestle Sno-Caps Semi-Sweet Chocolate Nonpareils Theatre Box", "cnid": "57539584", "productId": "162206", "size": "3.1 oz box"},
{"thumb": "http://i4.peapod.com/c/KK/KKNHZ.gif", "price": "329", "unit_price": "$.47/ oz", "name": "Panda Soft Licorice All Natural", "cnid": "57539584", "productId": "163459", "size": "7 oz box"},
{"thumb": "http://i4.peapod.com/c/KK/KKNHZ.gif", "price": "89", "unit_price": "$.59/ oz", "name": "PEEPS Marshmallow Chicks Pink - 5 ct", "cnid": "57539584", "productId": "192722", "size": "1.5 oz pkg"},
{"thumb": "http://i4.peapod.com/c/KK/KKNHZ.gif", "price": "89", "unit_price": "$.59/ oz", "name": "PEEPS Marshmallow Chicks Purple - 5 ct", "cnid": "57539584", "productId": "192723", "size": "1.5 oz pkg"},
{"thumb": "http://i4.peapod.com/c/KK/KKNHZ.gif", "price": "89", "unit_price": "$.59/ oz", "name": "PEEPS Marshmallow Chicks Yellow - 5 ct", "cnid": "57539584", "productId": "158047", "size": "1.5 oz pkg"},
{"thumb": "http://i4.peapod.com/c/KK/KKNHZ.gif", "price": "499", "unit_price": "$.55/ oz", "name": "Reese's Peanut Butter Cups - 6 pk", "cnid": "57539584", "productId": "42476", "size": "9 oz pkg"},
{"thumb": "http://i4.peapod.com/c/KK/KKNHZ.gif", "price": "599", "unit_price": "$.30/ oz", "name": "Reese's Peanut Butter Cups Miniatures", "cnid": "57539584", "productId": "154400", "size": "19.7 oz bag"},
{"thumb": "http://i4.peapod.com/c/KK/KKNHZ.gif", "price": "210", "unit_price": "$.17/ oz", "name": "Reese's Peanut Butter Cups Miniatures", "cnid": "57539584", "productId": "3226", "size": "12 oz bag"},
{"thumb": "http://i4.peapod.com/c/KK/KKNHZ.gif", "price": "369", "unit_price": "$.34/ oz", "name": "Reese's Peanut Butter Cups Miniatures Pastels", "cnid": "57539584", "productId": "24521", "size": "11 oz bag"},
{"thumb": "http://i4.peapod.com/c/KK/KKNHZ.gif", "price": "259", "unit_price": "$.86/ oz", "name": "Reese's Peanut Butter Cups Miniatures Sugar Free", "cnid": "57539584", "productId": "129724", "size": "3 oz bag"},
{"thumb": "http://i4.peapod.com/c/KK/KKNHZ.gif", "price": "150", "unit_price": "$.34/ oz", "name": "Reese's Peanut Butter Cups Pack A Snack! - 8 ct", "cnid": "57539584", "productId": "40403", "size": "4.4 oz pkg"},
{"thumb": "http://i4.peapod.com/c/KK/KKNHZ.gif", "price": "399", "unit_price": "$.55/ oz", "name": "Reese's Peanut Butter Eggs - 6 ct", "cnid": "57539584", "productId": "162099", "size": "7.2 oz pkg"},
{"thumb": "http://i4.peapod.com/c/KK/KKNHZ.gif", "price": "369", "unit_price": "$.34/ oz", "name": "Reese's Peanut Butter Eggs Snack Size", "cnid": "57539584", "productId": "127162", "size": "10.8 oz bag"},
{"thumb": "http://i4.peapod.com/c/KK/KKNHZ.gif", "price": "333", "unit_price": "$.32/ oz", "name": "Reese's Pieces Peanut Butter Candy", "cnid": "57539584", "productId": "157506", "size": "10.5 oz bag"},
{"thumb": "http://i4.peapod.com/c/KK/KKNHZ.gif", "price": "125", "unit_price": "$.31/ oz", "name": "Reese's Pieces Peanut Butter Candy Theatre Box", "cnid": "57539584", "productId": "153958", "size": "4 oz box"},
{"thumb": "http://i4.peapod.com/c/KK/KKNHZ.gif", "price": "219", "unit_price": "$.73/ oz", "name": "Russell Stover Bunny Solid Dark Chocolate", "cnid": "57539584", "productId": "162078", "size": "3 oz pkg"},
{"thumb": "http://i4.peapod.com/c/KK/KKNHZ.gif", "price": "219", "unit_price": "$.73/ oz", "name": "Russell Stover Bunny Solid Milk Chocolate", "cnid": "57539584", "productId": "162194", "size": "3 oz pkg"},
{"thumb": "http://i4.peapod.com/c/KK/KKNHZ.gif", "price": "219", "unit_price": "$.73/ oz", "name": "Russell Stover Bunny Solid White Pastelle (White Chocolate)", "cnid": "57539584", "productId": "162101", "size": "3 oz box"},
{"thumb": "http://i4.peapod.com/c/KK/KKNHZ.gif", "price": "379", "unit_price": "$.27/ oz", "name": "Skittles Bite Size Candies Original", "cnid": "57539584", "productId": "4070", "size": "14 oz bag"},
{"thumb": "http://i4.peapod.com/c/KK/KKNHZ.gif", "price": "299", "unit_price": "$.24/ oz", "name": "Smucker's Topping Marshmallow Fat Free", "cnid": "57539584", "productId": "13845", "size": "12.2 oz jar"},
{"thumb": "http://i4.peapod.com/c/KK/KKNHZ.gif", "price": "459", "unit_price": "$.40/ oz", "name": "Snickers Minis", "cnid": "57539584", "productId": "26987", "size": "11.5 oz bag"},
{"thumb": "http://i4.peapod.com/c/KK/KKNHZ.gif", "price": "249", "unit_price": "$.31/ oz", "name": "Sour Patch Soft & Chewy Candy Watermelon", "cnid": "57539584", "productId": "162207", "size": "8 oz bag"},
{"thumb": "http://i4.peapod.com/c/KK/KKNHZ.gif", "price": "379", "unit_price": "$.27/ oz", "name": "Starburst Fruit Chews Original", "cnid": "57539584", "productId": "4069", "size": "14 oz bag"},
{"thumb": "http://i4.peapod.com/c/KK/KKNHZ.gif", "price": "219", "unit_price": "$.12/ oz", "name": "Stop & Shop Jelly Eggs", "cnid": "57539584", "productId": "189886", "size": "18 oz pkg"},
{"thumb": "http://i4.peapod.com/c/KK/KKNHZ.gif", "price": "139", "unit_price": "$.15/ oz", "name": "Stop & Shop Jelly Eggs", "cnid": "57539584", "productId": "186440", "size": "9 oz bag"},
{"thumb": "http://i4.peapod.com/c/KK/KKNHZ.gif", "price": "139", "unit_price": "$.15/ oz", "name": "Stop & Shop Jelly Eggs Speckled", "cnid": "57539584", "productId": "186439", "size": "9 oz bag"},
{"thumb": "http://i4.peapod.com/c/KK/KKNHZ.gif", "price": "100", "unit_price": "$.10/ oz", "name": "Stop & Shop Marshmallows", "cnid": "57539584", "productId": "57638", "size": "10 oz bag"},
{"thumb": "http://i4.peapod.com/c/KK/KKNHZ.gif", "price": "100", "unit_price": "$.10/ oz", "name": "Stop & Shop Marshmallows Mini", "cnid": "57539584", "productId": "58103", "size": "10 oz bag"},
{"thumb": "http://i4.peapod.com/c/KK/KKNHZ.gif", "price": "299", "unit_price": "$.21/ oz", "name": "Swedish Fish Original Red", "cnid": "57539584", "productId": "123986", "size": "14 oz bag"},
{"thumb": "http://i4.peapod.com/c/KK/KKNHZ.gif", "price": "249", "unit_price": "$.31/ oz", "name": "Swedish Fish Original Red", "cnid": "57539584", "productId": "162208", "size": "8 oz bag"},
{"thumb": "http://i4.peapod.com/c/KK/KKNHZ.gif", "price": "399", "unit_price": "$1.00/ ea", "name": "Tic Tac Freshmints - 4 pk", "cnid": "57539584", "productId": "129034", "size": "4 oz pkg"},
{"thumb": "http://i4.peapod.com/c/KK/KKNHZ.gif", "price": "399", "unit_price": "$1.00/ ea", "name": "Tic Tac Mints Wintergreen - 4 ct", "cnid": "57539584", "productId": "162214", "size": "4 oz pkg"},
{"thumb": "http://i4.peapod.com/c/KK/KKNHZ.gif", "price": "259", "unit_price": "$.74/ oz", "name": "Toblerone Swiss Milk Chocolate Bar with Honey & Almond Nougat", "cnid": "57539584", "productId": "35797", "size": "3.5 oz bar"},
{"thumb": "http://i4.peapod.com/c/KK/KKNHZ.gif", "price": "300", "unit_price": "$.25/ oz", "name": "Tootsie Roll Midgees", "cnid": "57539584", "productId": "33274", "size": "12 oz bag"},
{"thumb": "http://i4.peapod.com/c/KK/KKNHZ.gif", "price": "300", "unit_price": "$.30/ oz", "name": "Tootsie Roll Pops Assorted Flavors", "cnid": "57539584", "productId": "20524", "size": "10.1 oz bag"},
{"thumb": "http://i4.peapod.com/c/KK/KKNHZ.gif", "price": "329", "unit_price": "$.06/ ea", "name": "Trident Gum Bubble Gum Sugar Free - 3 pk", "cnid": "57539584", "productId": "130374", "size": "54 ct pkg"},
{"thumb": "http://i4.peapod.com/c/KK/KKNHZ.gif", "price": "129", "unit_price": "$.07/ ea", "name": "Trident Gum Bubble Gum Sugar Free Single Pack", "cnid": "57539584", "productId": "525", "size": "18 ct pkg"},
{"thumb": "http://i4.peapod.com/c/KK/KKNHZ.gif", "price": "129", "unit_price": "$.07/ ea", "name": "Trident Gum Original Flavor Sugar Free Single Pack", "cnid": "57539584", "productId": "516", "size": "18 ct pkg"},
{"thumb": "http://i4.peapod.com/c/KK/KKNHZ.gif", "price": "329", "unit_price": "$.06/ ea", "name": "Trident Gum Wintergreen Sugar Free - 3 pk", "cnid": "57539584", "productId": "162213", "size": "54 ct pkg"},
{"thumb": "http://i4.peapod.com/c/KK/KKNHZ.gif", "price": "149", "unit_price": "$.11/ ea", "name": "Trident Layers Gum Green Apple + Golden Pineapple Sugar Free Single Pack", "cnid": "57539584", "productId": "162475", "size": "14 ct pkg"},
{"thumb": "http://i4.peapod.com/c/KK/KKNHZ.gif", "price": "199", "unit_price": "$.61/ oz", "name": "Twix Cookie Bars Caramel Fun Size - 6 ct", "cnid": "57539584", "productId": "34081", "size": "3.28 oz pkg"},
{"thumb": "http://i4.peapod.com/c/KK/KKNHZ.gif", "price": "279", "unit_price": "$.17/ oz", "name": "Twizzlers Cherry Bites", "cnid": "57539584", "productId": "45909", "size": "16 oz bag"},
{"thumb": "http://i4.peapod.com/c/KK/KKNHZ.gif", "price": "279", "unit_price": "$.22/ oz", "name": "Twizzlers Rainbow Twists", "cnid": "57539584", "productId": "145736", "size": "12.4 oz bag"},
{"thumb": "http://i4.peapod.com/c/KK/KKNHZ.gif", "price": "279", "unit_price": "$.17/ oz", "name": "Twizzlers Strawberry Twists", "cnid": "57539584", "productId": "3228", "size": "16 oz bag"},
{"thumb": "http://i4.peapod.com/c/KK/KKNHZ.gif", "price": "249", "unit_price": "$.90/ oz", "name": "Werther's Original Candy Sugar Free", "cnid": "57539584", "productId": "138188", "size": "2.75 oz bag"},
{"thumb": "http://i4.peapod.com/c/KK/KKNHZ.gif", "price": "349", "unit_price": "$.39/ oz", "name": "Werthers Candy Original Butter", "cnid": "57539584", "productId": "39896", "size": "9 oz bag"},
{"thumb": "http://i4.peapod.com/c/KK/KKNHZ.gif", "price": "125", "unit_price": "$.25/ oz", "name": "WHOPPERS Malted Milk Balls Theatre Box", "cnid": "57539584", "productId": "153957", "size": "5 oz box"},
{"thumb": "http://i4.peapod.com/c/KK/KKNHZ.gif", "price": "269", "unit_price": "$.27/ oz", "name": "WHOPPERS Robin Eggs Malted Milk Candy", "cnid": "57539584", "productId": "144070", "size": "10 oz bag"},
{"thumb": "http://i4.peapod.com/c/KK/KKNHZ.gif", "price": "399", "unit_price": "$.09/ ea", "name": "Wrigley's 5 Gum Cobalt Sugar Free - 3 pk", "cnid": "57539584", "productId": "155666", "size": "45 ct pkg"},
{"thumb": "http://i4.peapod.com/c/KK/KKNHZ.gif", "price": "399", "unit_price": "$.09/ ea", "name": "Wrigley's 5 Gum Rain Tingling Spearmint Sugar Free - 3 pk", "cnid": "57539584", "productId": "160683", "size": "45 ct pkg"},
{"thumb": "http://i4.peapod.com/c/KK/KKNHZ.gif", "price": "149", "unit_price": "$.10/ ea", "name": "Wrigley's 5 Gum RPM Mint Sugar Free Single Pack", "cnid": "57539584", "productId": "188017", "size": "15 ct pkg"},
{"thumb": "http://i4.peapod.com/c/KK/KKNHZ.gif", "price": "399", "unit_price": "$.07/ ea", "name": "Wrigley's Eclipse Gum Spearmint Sugar Free", "cnid": "57539584", "productId": "167962", "size": "60 ct can"},
{"thumb": "http://i4.peapod.com/c/KK/KKNHZ.gif", "price": "139", "unit_price": "$.12/ ea", "name": "Wrigley's Eclipse Gum Winterfrost Sugar Free Single Pack", "cnid": "57539584", "productId": "118104", "size": "12 ct pkg"},
{"thumb": "http://i4.peapod.com/c/KK/KKNHZ.gif", "price": "129", "unit_price": "$.09/ ea", "name": "Wrigley's Extra Dessert Delights Gum Mint Chocolate Chip Sugar Free Single", "cnid": "57539584", "productId": "165660", "size": "15 ct pkg"},
{"thumb": "http://i4.peapod.com/c/KK/KKNHZ.gif", "price": "250", "unit_price": "$.06/ ea", "name": "Wrigley's Extra Gum Classic Bubble Gum Sugar Free - 3 pk", "cnid": "57539584", "productId": "162211", "size": "45 ct pkg"},
{"thumb": "http://i4.peapod.com/c/KK/KKNHZ.gif", "price": "250", "unit_price": "$.06/ ea", "name": "Wrigley's Extra Gum Peppermint Sugar Free - 3 pk", "cnid": "57539584", "productId": "159787", "size": "45 ct pkg"},
{"thumb": "http://i4.peapod.com/c/KK/KKNHZ.gif", "price": "250", "unit_price": "$.06/ ea", "name": "Wrigley's Extra Gum Polar Ice Sugar Free - 3 pk", "cnid": "57539584", "productId": "159790", "size": "45 ct pkg"},
{"thumb": "http://i4.peapod.com/c/KK/KKNHZ.gif", "price": "129", "unit_price": "$.09/ ea", "name": "Wrigley's Juicy Fruit Gum Slim Pack Single Pack", "cnid": "57539584", "productId": "1946", "size": "15 ct pkg"},
{"thumb": "http://i4.peapod.com/c/KK/KKNHZ.gif", "price": "129", "unit_price": "$.09/ ea", "name": "Wrigley's Orbit Gum Bubblemint Sugar Free Single Pack", "cnid": "57539584", "productId": "131954", "size": "14 ct pkg"},
{"thumb": "http://i4.peapod.com/c/KK/KKNHZ.gif", "price": "129", "unit_price": "$.09/ ea", "name": "Wrigley's Orbit Gum Peppermint Sugar Free", "cnid": "57539584", "productId": "179460", "size": "14 ct pkg"},
{"thumb": "http://i4.peapod.com/c/KK/KKNHZ.gif", "price": "129", "unit_price": "$.09/ ea", "name": "Wrigley's Orbit Gum Spearmint Sugar Free Single Pack", "cnid": "57539584", "productId": "131955", "size": "14 ct pkg"},
{"thumb": "http://i4.peapod.com/c/KK/KKNHZ.gif", "price": "129", "unit_price": "$.09/ ea", "name": "Wrigley's Orbit Gum Wintermint Sugar Free Single Pack", "cnid": "57539584", "productId": "145106", "size": "14 ct pkg"},
{"thumb": "http://i4.peapod.com/c/KK/KKNHZ.gif", "price": "399", "unit_price": "$.09/ ea", "name": "Wrigley's Orbit Mist Gum Peppermint Spray Sugar Free - 3 pk", "cnid": "57539584", "productId": "175045", "size": "42 ct pkg"},
{"thumb": "http://i4.peapod.com/c/KK/KKNHZ.gif", "price": "210", "unit_price": "$.17/ oz", "name": "York Peppermint Patties", "cnid": "57539584", "productId": "3205", "size": "12 oz bag"},
{"thumb": "http://i4.peapod.com/c/KK/KKNHZ.gif", "price": "599", "unit_price": "$.30/ oz", "name": "York Peppermint Patties Mini Big Bag", "cnid": "57539584", "productId": "131164", "size": "19.7 oz bag"},
{"thumb": "http://i4.peapod.com/c/KK/KKNHZ.gif", "price": "333", "unit_price": "$.32/ oz", "name": "York Peppermint Pieces Candy Pouch", "cnid": "57539584", "productId": "157507", "size": "10.5 oz bag"},
{"thumb": "http://i4.peapod.com/c/KK/KKNHZ.gif", "price": "459", "unit_price": "$.46/ oz", "name": "3 Musketeers Bars Miniatures", "cnid": "16620202054458", "productId": "49891", "size": "10 oz bag"},
{"thumb": "http://i4.peapod.com/c/KK/KKNHZ.gif", "price": "150", "unit_price": "$.31/ oz", "name": "Almond Joy Milk Chocolate Candy Bar with Coconut & Almonds - 8 ct", "cnid": "16620202054458", "productId": "153871", "size": "4.8 oz pkg"},
{"thumb": "http://i4.peapod.com/c/KK/KKNHZ.gif", "price": "333", "unit_price": "$.33/ oz", "name": "Almond Joy Pieces Candy Pouch", "cnid": "16620202054458", "productId": "157508", "size": "10 oz bag"},
{"thumb": "http://i4.peapod.com/c/KK/KKNHZ.gif", "price": "219", "unit_price": "$1.24/ oz", "name": "Altoids Curiously Strong Mints Wintergreen", "cnid": "16620202054458", "productId": "163840", "size": "1.76 oz tin"},
{"thumb": "http://i4.peapod.com/c/KK/KKNHZ.gif", "price": "219", "unit_price": "$1.24/ oz", "name": "Altoids Curiously Strong Peppermint Mints", "cnid": "16620202054458", "productId": "15082", "size": "1.76 oz tin"},
{"thumb": "http://i4.peapod.com/c/KK/KKNHZ.gif", "price": "225", "unit_price": "$.48/ oz", "name": "Andes Chocolate Mints Creme De Menthe - 28 ct", "cnid": "16620202054458", "productId": "12821", "size": "4.67 oz box"},
{"thumb": "http://i4.peapod.com/c/KK/KKNHZ.gif", "price": "649", "unit_price": "$1.08/ oz", "name": "Atkins Endulge Peanut Butter Cups - 5 ct", "cnid": "16620202054458", "productId": "132635", "size": "6 oz box"},
{"thumb": "http://i4.peapod.com/c/KK/KKNHZ.gif", "price": "159", "unit_price": "$.18/ oz", "name": "Brach's Jelly Bird Eggs Classic", "cnid": "16620202054458", "productId": "13192", "size": "9 oz bag"},
{"thumb": "http://i4.peapod.com/c/KK/KKNHZ.gif", "price": "159", "unit_price": "$.18/ oz", "name": "Brach's Jelly Bird Eggs Spiced", "cnid": "16620202054458", "productId": "157450", "size": "9 oz bag"},
{"thumb": "http://i4.peapod.com/c/KK/KKNHZ.gif", "price": "299", "unit_price": "$.60/ ea", "name": "Breathsavers Mints Peppermint Sugar Free - 5 rolls", "cnid": "16620202054458", "productId": "99678", "size": "5 roll pkg"},
{"thumb": "http://i4.peapod.com/c/KK/KKNHZ.gif", "price": "299", "unit_price": "$.60/ ea", "name": "Breathsavers Mints Wintergreen Sugar Free - 5 rolls", "cnid": "16620202054458", "productId": "99680", "size": "5 roll pkg"},
{"thumb": "http://i4.peapod.com/c/KK/KKNHZ.gif", "price": "329", "unit_price": "$.69/ oz", "name": "Cadbury Caramel Eggs - 4 ct", "cnid": "16620202054458", "productId": "49272", "size": "4.8 oz pkg"},
{"thumb": "http://i4.peapod.com/c/KK/KKNHZ.gif", "price": "329", "unit_price": "$.69/ oz", "name": "Cadbury Creme Eggs - 4 ct", "cnid": "16620202054458", "productId": "18792", "size": "4.8 oz box"},
{"thumb": "http://i4.peapod.com/c/KK/KKNHZ.gif", "price": "200", "unit_price": "$.57/ oz", "name": "Cadbury Dairy Milk Chocolate Bar", "cnid": "16620202054458", "productId": "6612", "size": "3.5 oz bar"},
{"thumb": "http://i4.peapod.com/c/KK/KKNHZ.gif", "price": "200", "unit_price": "$.57/ oz", "name": "Cadbury Fruit & Nut Milk Chocolate Bar with Raisins & Almonds", "cnid": "16620202054458", "productId": "6613", "size": "3.5 oz bar"},
{"thumb": "http://i4.peapod.com/c/KK/KKNHZ.gif", "price": "369", "unit_price": "$.37/ oz", "name": "Cadbury Milk Chocolate Mini Eggs", "cnid": "16620202054458", "productId": "40527", "size": "10 oz bag"},
{"thumb": "http://i4.peapod.com/c/KK/KKNHZ.gif", "price": "299", "unit_price": "$.29/ oz", "name": "Charms Blow Pops Bubble Gum Filled Assorted Flavors", "cnid": "16620202054458", "productId": "79409", "size": "10.4 oz bag"},
{"thumb": "http://i4.peapod.com/c/KK/KKNHZ.gif", "price": "279", "unit_price": "$.08/ ea", "name": "Dentyne Ice Gum Peppermint - 3 pk", "cnid": "16620202054458", "productId": "119098", "size": "36 ct pkg"},
{"thumb": "http://i4.peapod.com/c/KK/KKNHZ.gif", "price": "479", "unit_price": "$.50/ oz", "name": "Dove Promises Silky Smooth Milk Chocolate", "cnid": "16620202054458", "productId": "130688", "size": "9.5 oz bag"},
{"thumb": "http://i4.peapod.com/c/KK/KKNHZ.gif", "price": "199", "unit_price": "$.66/ oz", "name": "Elite Bittersweet Chocolate Bar Kosher for Passover", "cnid": "16620202054458", "productId": "130111", "size": "3 oz bar"},
{"thumb": "http://i4.peapod.com/c/KK/KKNHZ.gif", "price": "299", "unit_price": "$1.00/ oz", "name": "Endangered Species Dark Chocolate 72% Cocoa All Natural", "cnid": "16620202054458", "productId": "155697", "size": "3 oz bar"},
{"thumb": "http://i4.peapod.com/c/KK/KKNHZ.gif", "price": "299", "unit_price": "$1.00/ oz", "name": "Endangered Species Dark Chocolate w/Cranberries/Almonds 72% Cocoa Natural", "cnid": "16620202054458", "productId": "155131", "size": "3 oz bar"},
{"thumb": "http://i4.peapod.com/c/KK/KKNHZ.gif", "price": "299", "unit_price": "$1.00/ oz", "name": "Endangered Species Dark Chocolate w/Espresso Beans 72% Cocoa All Natural", "cnid": "16620202054458", "productId": "155698", "size": "3 oz bar"},
{"thumb": "http://i4.peapod.com/c/KK/KKNHZ.gif", "price": "350", "unit_price": "$.66/ oz", "name": "Ferrero Rocher Chocolates Hazelnut - 12 ct", "cnid": "16620202054458", "productId": "99628", "size": "5.3 oz pkg"},
{"thumb": "http://i4.peapod.com/c/KK/KKNHZ.gif", "price": "299", "unit_price": "$.25/ oz", "name": "Goetze Caramel Creams", "cnid": "16620202054458", "productId": "33723", "size": "12 oz bag"},
{"thumb": "http://i4.peapod.com/c/KK/KKNHZ.gif", "price": "125", "unit_price": "$.21/ oz", "name": "Good & Plenty Theatre Box", "cnid": "16620202054458", "productId": "153894", "size": "6 oz box"},
{"thumb": "http://i4.peapod.com/c/KK/KKNHZ.gif", "price": "349", "unit_price": "$1.00/ oz", "name": "Green & Black's Dark Chocolate Bar with Hazelnuts & Currants Organic", "cnid": "16620202054458", "productId": "142566", "size": "3.5 oz bar"},
{"thumb": "http://i4.peapod.com/c/KK/KKNHZ.gif", "price": "349", "unit_price": "$1.00/ oz", "name": "Green & Black's Milk Chocolate Bar 34% Cocoa Organic", "cnid": "16620202054458", "productId": "142568", "size": "3.5 oz bar"},
{"thumb": "http://i4.peapod.com/c/KK/KKNHZ.gif", "price": "150", "unit_price": "$.42/ oz", "name": "Hershey's Bars Milk Chocolate Fun Size - 8 ct", "cnid": "16620202054458", "productId": "145851", "size": "3.6 oz pkg"},
{"thumb": "http://i4.peapod.com/c/KK/KKNHZ.gif", "price": "400", "unit_price": "$.42/ oz", "name": "Hershey's Bliss Dark Chocolate", "cnid": "16620202054458", "productId": "153833", "size": "9.6 oz bag"},
{"thumb": "http://i4.peapod.com/c/KK/KKNHZ.gif", "price": "400", "unit_price": "$.42/ oz", "name": "Hershey's Bliss Milk Chocolate", "cnid": "16620202054458", "productId": "153832", "size": "9.6 oz bag"},
{"thumb": "http://i4.peapod.com/c/KK/KKNHZ.gif", "price": "369", "unit_price": "$.37/ oz", "name": "Hershey's Eggs Milk Chocolate Pastels", "cnid": "16620202054458", "productId": "13180", "size": "10 oz bag"},
{"thumb": "http://i4.peapod.com/c/KK/KKNHZ.gif", "price": "369", "unit_price": "$.37/ oz", "name": "Hershey's Eggs Special Dark Chocolate Pastels", "cnid": "16620202054458", "productId": "156463", "size": "10 oz bag"},
{"thumb": "http://i4.peapod.com/c/KK/KKNHZ.gif", "price": "210", "unit_price": "$.17/ oz", "name": "Hershey's Kisses Milk Chocolate Classic Bag", "cnid": "16620202054458", "productId": "3209", "size": "12 oz bag"},
{"thumb": "http://i4.peapod.com/c/KK/KKNHZ.gif", "price": "599", "unit_price": "$.30/ oz", "name": "Hershey's Kisses Milk Chocolate Family Bag", "cnid": "16620202054458", "productId": "26976", "size": "19.7 oz bag"},
{"thumb": "http://i4.peapod.com/c/KK/KKNHZ.gif", "price": "369", "unit_price": "$.34/ oz", "name": "Hershey's Kisses Milk Chocolate Pastels", "cnid": "16620202054458", "productId": "24522", "size": "11 oz bag"},
{"thumb": "http://i4.peapod.com/c/KK/KKNHZ.gif", "price": "210", "unit_price": "$.19/ oz", "name": "Hershey's Kisses Milk Chocolate with Almonds Classic Bag", "cnid": "16620202054458", "productId": "26974", "size": "11 oz bag"},
{"thumb": "http://i4.peapod.com/c/KK/KKNHZ.gif", "price": "210", "unit_price": "$.17/ oz", "name": "Hershey's Kisses Special Dark Chocolate Classic Bag", "cnid": "16620202054458", "productId": "146286", "size": "12 oz bag"},
{"thumb": "http://i4.peapod.com/c/KK/KKNHZ.gif", "price": "499", "unit_price": "$.55/ oz", "name": "Hershey's Kit Kat Candy Bars - 6 ct", "cnid": "16620202054458", "productId": "3222", "size": "9 oz pkg"},
{"thumb": "http://i4.peapod.com/c/KK/KKNHZ.gif", "price": "150", "unit_price": "$.38/ oz", "name": "Hershey's Kit Kat Candy Bars - 8 ct", "cnid": "16620202054458", "productId": "102402", "size": "3.92 oz pkg"},
{"thumb": "http://i4.peapod.com/c/KK/KKNHZ.gif", "price": "200", "unit_price": "$.46/ oz", "name": "Hershey's Milk Chocolate Bar", "cnid": "16620202054458", "productId": "3215", "size": "4.4 oz bar"},
{"thumb": "http://i4.peapod.com/c/KK/KKNHZ.gif", "price": "499", "unit_price": "$.54/ oz", "name": "Hershey's Milk Chocolate Bars - 6 ct", "cnid": "16620202054458", "productId": "3221", "size": "9.3 oz pkg"},
{"thumb": "http://i4.peapod.com/c/KK/KKNHZ.gif", "price": "499", "unit_price": "$.57/ oz", "name": "Hershey's Milk Chocolate Bars with Almonds - 6 ct", "cnid": "16620202054458", "productId": "74320", "size": "8.7 oz pkg"},
{"thumb": "http://i4.peapod.com/c/KK/KKNHZ.gif", "price": "200", "unit_price": "$.47/ oz", "name": "Hershey's Milk Chocolate Bar with Almonds", "cnid": "16620202054458", "productId": "3216", "size": "4.25 oz bar"},
{"thumb": "http://i4.peapod.com/c/KK/KKNHZ.gif", "price": "369", "unit_price": "$.37/ oz", "name": "Hershey's Milk Chocolate Extra Creamy Eggs", "cnid": "16620202054458", "productId": "188308", "size": "10 oz bag"},
{"thumb": "http://i4.peapod.com/c/KK/KKNHZ.gif", "price": "125", "unit_price": "$.25/ oz", "name": "Hershey's Milk Duds Candy Theatre Box", "cnid": "16620202054458", "productId": "145880", "size": "5 oz box"},
{"thumb": "http://i4.peapod.com/c/KK/KKNHZ.gif", "price": "369", "unit_price": "$.34/ oz", "name": "Hershey's Miniatures (Milk & Dark Chocolate/Mr. Goodbar/Krackel) Pastels", "cnid": "16620202054458", "productId": "24520", "size": "11 oz bag"},
{"thumb": "http://i4.peapod.com/c/KK/KKNHZ.gif", "price": "599", "unit_price": "$.30/ oz", "name": "Hershey's Miniatures Assorted Family Bag", "cnid": "16620202054458", "productId": "129717", "size": "19.7 oz bag"},
{"thumb": "http://i4.peapod.com/c/KK/KKNHZ.gif", "price": "210", "unit_price": "$.17/ oz", "name": "Hershey's Miniatures Chocolates Assorted", "cnid": "16620202054458", "productId": "26971", "size": "12 oz bag"},
{"thumb": "http://i4.peapod.com/c/KK/KKNHZ.gif", "price": "210", "unit_price": "$.17/ oz", "name": "Hershey's Nuggets Milk Chocolate Classic Bag", "cnid": "16620202054458", "productId": "34281", "size": "12 oz bag"},
{"thumb": "http://i4.peapod.com/c/KK/KKNHZ.gif", "price": "210", "unit_price": "$.17/ oz", "name": "Hershey's Nuggets Milk Chocolate with Almonds", "cnid": "16620202054458", "productId": "39836", "size": "12 oz bag"},
{"thumb": "http://i4.peapod.com/c/KK/KKNHZ.gif", "price": "210", "unit_price": "$.17/ oz", "name": "Hershey's Nuggets Special Dark Chocolate with Almonds", "cnid": "16620202054458", "productId": "102152", "size": "12 oz bag"},
{"thumb": "http://i4.peapod.com/c/KK/KKNHZ.gif", "price": "200", "unit_price": "$.47/ oz", "name": "Hershey's Special Dark Chocolate Bar", "cnid": "16620202054458", "productId": "3217", "size": "4.25 oz bar"},
{"thumb": "http://i4.peapod.com/c/KK/KKNHZ.gif", "price": "259", "unit_price": "$.86/ oz", "name": "Hershey's Special Dark Dark Chocolates Sugar Free", "cnid": "16620202054458", "productId": "129726", "size": "3 oz bag"},
{"thumb": "http://i4.peapod.com/c/KK/KKNHZ.gif", "price": "169", "unit_price": "$.28/ oz", "name": "Jujyfruits Candy", "cnid": "16620202054458", "productId": "33743", "size": "6 oz box"},
{"thumb": "http://i4.peapod.com/c/KK/KKNHZ.gif", "price": "125", "unit_price": "$.12/ oz", "name": "Kraft Jet-Puffed Marshmallows", "cnid": "16620202054458", "productId": "1869", "size": "10 oz bag"},
{"thumb": "http://i4.peapod.com/c/KK/KKNHZ.gif", "price": "239", "unit_price": "$.34/ oz", "name": "Lifesavers Gummies 5 Flavors", "cnid": "16620202054458", "productId": "155654", "size": "7 oz bag"},
{"thumb": "http://i4.peapod.com/c/KK/KKNHZ.gif", "price": "249", "unit_price": "$.40/ oz", "name": "Lifesavers Hard Candy Five Flavors", "cnid": "16620202054458", "productId": "30668", "size": "6.25 oz bag"},
{"thumb": "http://i4.peapod.com/c/KK/KKNHZ.gif", "price": "249", "unit_price": "$.90/ oz", "name": "Lifesavers Hard Candy Wint O Green Sugar Free", "cnid": "16620202054458", "productId": "162215", "size": "2.75 oz bag"},
{"thumb": "http://i4.peapod.com/c/KK/KKNHZ.gif", "price": "279", "unit_price": "$.80/ oz", "name": "Lindt Excellence Dark Chocolate Bar Extra Fine 85% Cocoa", "cnid": "16620202054458", "productId": "159782", "size": "3.5 oz bar"},
{"thumb": "http://i4.peapod.com/c/KK/KKNHZ.gif", "price": "279", "unit_price": "$.80/ oz", "name": "Lindt Excellence Dark Chocolate Bar Intense Orange", "cnid": "16620202054458", "productId": "162204", "size": "3.5 oz bar"},
{"thumb": "http://i4.peapod.com/c/KK/KKNHZ.gif", "price": "399", "unit_price": "$1.14/ oz", "name": "Lindt Gold Bunny Dark Chocolate", "cnid": "16620202054458", "productId": "162196", "size": "3.5 oz pkg"},
{"thumb": "http://i4.peapod.com/c/KK/KKNHZ.gif", "price": "399", "unit_price": "$1.14/ oz", "name": "Lindt Gold Bunny Milk Chocolate", "cnid": "16620202054458", "productId": "153877", "size": "3.5 oz pkg"},
{"thumb": "http://i4.peapod.com/c/KK/KKNHZ.gif", "price": "659", "unit_price": "$.34/ oz", "name": "M&M's Candies Milk Chocolate", "cnid": "16620202054458", "productId": "130690", "size": "19.2 oz bag"},
{"thumb": "http://i4.peapod.com/c/KK/KKNHZ.gif", "price": "399", "unit_price": "$.32/ oz", "name": "M&M's Candies Milk Chocolate", "cnid": "16620202054458", "productId": "4074", "size": "12.6 oz bag"},
{"thumb": "http://i4.peapod.com/c/KK/KKNHZ.gif", "price": "399", "unit_price": "$.32/ oz", "name": "M&M's Candies Milk Chocolate Bunny Mix Pastels", "cnid": "16620202054458", "productId": "13179", "size": "12.6 oz bag"},
{"thumb": "http://i4.peapod.com/c/KK/KKNHZ.gif", "price": "399", "unit_price": "$.32/ oz", "name": "M&M's Candies Milk Chocolate Peanut", "cnid": "16620202054458", "productId": "4075", "size": "12.6 oz bag"},
{"thumb": "http://i4.peapod.com/c/KK/KKNHZ.gif", "price": "659", "unit_price": "$.34/ oz", "name": "M&M's Candies Milk Chocolate Peanut", "cnid": "16620202054458", "productId": "74324", "size": "19.2 oz bag"},
{"thumb": "http://i4.peapod.com/c/KK/KKNHZ.gif", "price": "399", "unit_price": "$.32/ oz", "name": "M&M's Candies Milk Chocolate Peanut Bunny Mix Pastels", "cnid": "16620202054458", "productId": "13177", "size": "12.6 oz bag"},
{"thumb": "http://i4.peapod.com/c/KK/KKNHZ.gif", "price": "399", "unit_price": "$.40/ oz", "name": "M&M's Candies Milk Chocolate Pretzel", "cnid": "16620202054458", "productId": "162205", "size": "9.9 oz bag"},
{"thumb": "http://i4.peapod.com/c/KK/KKNHZ.gif", "price": "399", "unit_price": "$.40/ oz", "name": "M&M's Candies Milk Chocolate Pretzels Pastels", "cnid": "16620202054458", "productId": "188515", "size": "9.9 oz bag"},
{"thumb": "http://i4.peapod.com/c/KK/KKNHZ.gif", "price": "399", "unit_price": "$.37/ oz", "name": "M&M's Candies Milk Chocolate Speck-Tacular EGGS!", "cnid": "16620202054458", "productId": "133562", "size": "10.9 oz bag"},
{"thumb": "http://i4.peapod.com/c/KK/KKNHZ.gif", "price": "399", "unit_price": "$.40/ oz", "name": "M&M's Candies Speck-Tacular EGGS! Peanut Butter Speckled Eggs", "cnid": "16620202054458", "productId": "186086", "size": "9.9 oz bag"},
{"thumb": "http://i4.peapod.com/c/KK/KKNHZ.gif", "price": "459", "unit_price": "$.44/ oz", "name": "Mars Chocolate Minis Mix", "cnid": "16620202054458", "productId": "162209", "size": "10.5 oz bag"},
{"thumb": "http://i4.peapod.com/c/KK/KKNHZ.gif", "price": "229", "unit_price": "$.14/ oz", "name": "Marshmallow Fluff", "cnid": "16620202054458", "productId": "70494", "size": "16 oz tub"},
{"thumb": "http://i4.peapod.com/c/KK/KKNHZ.gif", "price": "300", "unit_price": "$.38/ ea", "name": "Mentos Chewy Candies Mint - 6 pk", "cnid": "16620202054458", "productId": "148300", "size": "7.8 oz pkg"},
{"thumb": "http://i4.peapod.com/c/KK/KKNHZ.gif", "price": "199", "unit_price": "$.51/ oz", "name": "Nestle Butterfinger Bars - 6 ct", "cnid": "16620202054458", "productId": "74089", "size": "3.9 oz pkg"},
{"thumb": "http://i4.peapod.com/c/KK/KKNHZ.gif", "price": "349", "unit_price": "$.28/ oz", "name": "Nestle Butterfinger Bars Fun Size", "cnid": "16620202054458", "productId": "13907", "size": "12.5 oz bag"},
{"thumb": "http://i4.peapod.com/c/KK/KKNHZ.gif", "price": "139", "unit_price": "$.35/ oz", "name": "Nestle Nips Caramel", "cnid": "16620202054458", "productId": "1578", "size": "4 oz box"},
{"thumb": "http://i4.peapod.com/c/KK/KKNHZ.gif", "price": "139", "unit_price": "$.35/ oz", "name": "Nestle Nips Chocolate Parfait", "cnid": "16620202054458", "productId": "1579", "size": "4 oz box"},
{"thumb": "http://i4.peapod.com/c/KK/KKNHZ.gif", "price": "179", "unit_price": "$.58/ oz", "name": "Nestle Sno-Caps Semi-Sweet Chocolate Nonpareils Theatre Box", "cnid": "16620202054458", "productId": "162206", "size": "3.1 oz box"},
{"thumb": "http://i4.peapod.com/c/KK/KKNHZ.gif", "price": "329", "unit_price": "$.47/ oz", "name": "Panda Soft Licorice All Natural", "cnid": "16620202054458", "productId": "163459", "size": "7 oz box"},
{"thumb": "http://i4.peapod.com/c/KK/KKNHZ.gif", "price": "89", "unit_price": "$.59/ oz", "name": "PEEPS Marshmallow Chicks Pink - 5 ct", "cnid": "16620202054458", "productId": "192722", "size": "1.5 oz pkg"},
{"thumb": "http://i4.peapod.com/c/KK/KKNHZ.gif", "price": "89", "unit_price": "$.59/ oz", "name": "PEEPS Marshmallow Chicks Purple - 5 ct", "cnid": "16620202054458", "productId": "192723", "size": "1.5 oz pkg"},
{"thumb": "http://i4.peapod.com/c/KK/KKNHZ.gif", "price": "89", "unit_price": "$.59/ oz", "name": "PEEPS Marshmallow Chicks Yellow - 5 ct", "cnid": "16620202054458", "productId": "158047", "size": "1.5 oz pkg"},
{"thumb": "http://i4.peapod.com/c/KK/KKNHZ.gif", "price": "499", "unit_price": "$.55/ oz", "name": "Reese's Peanut Butter Cups - 6 pk", "cnid": "16620202054458", "productId": "42476", "size": "9 oz pkg"},
{"thumb": "http://i4.peapod.com/c/KK/KKNHZ.gif", "price": "599", "unit_price": "$.30/ oz", "name": "Reese's Peanut Butter Cups Miniatures", "cnid": "16620202054458", "productId": "154400", "size": "19.7 oz bag"},
{"thumb": "http://i4.peapod.com/c/KK/KKNHZ.gif", "price": "210", "unit_price": "$.17/ oz", "name": "Reese's Peanut Butter Cups Miniatures", "cnid": "16620202054458", "productId": "3226", "size": "12 oz bag"},
{"thumb": "http://i4.peapod.com/c/KK/KKNHZ.gif", "price": "369", "unit_price": "$.34/ oz", "name": "Reese's Peanut Butter Cups Miniatures Pastels", "cnid": "16620202054458", "productId": "24521", "size": "11 oz bag"},
{"thumb": "http://i4.peapod.com/c/KK/KKNHZ.gif", "price": "259", "unit_price": "$.86/ oz", "name": "Reese's Peanut Butter Cups Miniatures Sugar Free", "cnid": "16620202054458", "productId": "129724", "size": "3 oz bag"},
{"thumb": "http://i4.peapod.com/c/KK/KKNHZ.gif", "price": "150", "unit_price": "$.34/ oz", "name": "Reese's Peanut Butter Cups Pack A Snack! - 8 ct", "cnid": "16620202054458", "productId": "40403", "size": "4.4 oz pkg"},
{"thumb": "http://i4.peapod.com/c/KK/KKNHZ.gif", "price": "399", "unit_price": "$.55/ oz", "name": "Reese's Peanut Butter Eggs - 6 ct", "cnid": "16620202054458", "productId": "162099", "size": "7.2 oz pkg"},
{"thumb": "http://i4.peapod.com/c/KK/KKNHZ.gif", "price": "369", "unit_price": "$.34/ oz", "name": "Reese's Peanut Butter Eggs Snack Size", "cnid": "16620202054458", "productId": "127162", "size": "10.8 oz bag"},
{"thumb": "http://i4.peapod.com/c/KK/KKNHZ.gif", "price": "333", "unit_price": "$.32/ oz", "name": "Reese's Pieces Peanut Butter Candy", "cnid": "16620202054458", "productId": "157506", "size": "10.5 oz bag"},
{"thumb": "http://i4.peapod.com/c/KK/KKNHZ.gif", "price": "125", "unit_price": "$.31/ oz", "name": "Reese's Pieces Peanut Butter Candy Theatre Box", "cnid": "16620202054458", "productId": "153958", "size": "4 oz box"},
{"thumb": "http://i4.peapod.com/c/KK/KKNHZ.gif", "price": "219", "unit_price": "$.73/ oz", "name": "Russell Stover Bunny Solid Dark Chocolate", "cnid": "16620202054458", "productId": "162078", "size": "3 oz pkg"},
{"thumb": "http://i4.peapod.com/c/KK/KKNHZ.gif", "price": "219", "unit_price": "$.73/ oz", "name": "Russell Stover Bunny Solid Milk Chocolate", "cnid": "16620202054458", "productId": "162194", "size": "3 oz pkg"},
{"thumb": "http://i4.peapod.com/c/KK/KKNHZ.gif", "price": "219", "unit_price": "$.73/ oz", "name": "Russell Stover Bunny Solid White Pastelle (White Chocolate)", "cnid": "16620202054458", "productId": "162101", "size": "3 oz box"},
{"thumb": "http://i4.peapod.com/c/KK/KKNHZ.gif", "price": "379", "unit_price": "$.27/ oz", "name": "Skittles Bite Size Candies Original", "cnid": "16620202054458", "productId": "4070", "size": "14 oz bag"},
{"thumb": "http://i4.peapod.com/c/KK/KKNHZ.gif", "price": "299", "unit_price": "$.24/ oz", "name": "Smucker's Topping Marshmallow Fat Free", "cnid": "16620202054458", "productId": "13845", "size": "12.2 oz jar"},
{"thumb": "http://i4.peapod.com/c/KK/KKNHZ.gif", "price": "459", "unit_price": "$.40/ oz", "name": "Snickers Minis", "cnid": "16620202054458", "productId": "26987", "size": "11.5 oz bag"},
{"thumb": "http://i4.peapod.com/c/KK/KKNHZ.gif", "price": "249", "unit_price": "$.31/ oz", "name": "Sour Patch Soft & Chewy Candy Watermelon", "cnid": "16620202054458", "productId": "162207", "size": "8 oz bag"},
{"thumb": "http://i4.peapod.com/c/KK/KKNHZ.gif", "price": "379", "unit_price": "$.27/ oz", "name": "Starburst Fruit Chews Original", "cnid": "16620202054458", "productId": "4069", "size": "14 oz bag"},
{"thumb": "http://i4.peapod.com/c/KK/KKNHZ.gif", "price": "219", "unit_price": "$.12/ oz", "name": "Stop & Shop Jelly Eggs", "cnid": "16620202054458", "productId": "189886", "size": "18 oz pkg"},
{"thumb": "http://i4.peapod.com/c/KK/KKNHZ.gif", "price": "139", "unit_price": "$.15/ oz", "name": "Stop & Shop Jelly Eggs", "cnid": "16620202054458", "productId": "186440", "size": "9 oz bag"},
{"thumb": "http://i4.peapod.com/c/KK/KKNHZ.gif", "price": "139", "unit_price": "$.15/ oz", "name": "Stop & Shop Jelly Eggs Speckled", "cnid": "16620202054458", "productId": "186439", "size": "9 oz bag"},
{"thumb": "http://i4.peapod.com/c/KK/KKNHZ.gif", "price": "100", "unit_price": "$.10/ oz", "name": "Stop & Shop Marshmallows", "cnid": "16620202054458", "productId": "57638", "size": "10 oz bag"},
{"thumb": "http://i4.peapod.com/c/KK/KKNHZ.gif", "price": "100", "unit_price": "$.10/ oz", "name": "Stop & Shop Marshmallows Mini", "cnid": "16620202054458", "productId": "58103", "size": "10 oz bag"},
{"thumb": "http://i4.peapod.com/c/KK/KKNHZ.gif", "price": "299", "unit_price": "$.21/ oz", "name": "Swedish Fish Original Red", "cnid": "16620202054458", "productId": "123986", "size": "14 oz bag"},
{"thumb": "http://i4.peapod.com/c/KK/KKNHZ.gif", "price": "249", "unit_price": "$.31/ oz", "name": "Swedish Fish Original Red", "cnid": "16620202054458", "productId": "162208", "size": "8 oz bag"},
{"thumb": "http://i4.peapod.com/c/KK/KKNHZ.gif", "price": "399", "unit_price": "$1.00/ ea", "name": "Tic Tac Freshmints - 4 pk", "cnid": "16620202054458", "productId": "129034", "size": "4 oz pkg"},
{"thumb": "http://i4.peapod.com/c/KK/KKNHZ.gif", "price": "399", "unit_price": "$1.00/ ea", "name": "Tic Tac Mints Wintergreen - 4 ct", "cnid": "16620202054458", "productId": "162214", "size": "4 oz pkg"},
{"thumb": "http://i4.peapod.com/c/KK/KKNHZ.gif", "price": "259", "unit_price": "$.74/ oz", "name": "Toblerone Swiss Milk Chocolate Bar with Honey & Almond Nougat", "cnid": "16620202054458", "productId": "35797", "size": "3.5 oz bar"},
{"thumb": "http://i4.peapod.com/c/KK/KKNHZ.gif", "price": "300", "unit_price": "$.25/ oz", "name": "Tootsie Roll Midgees", "cnid": "16620202054458", "productId": "33274", "size": "12 oz bag"},
{"thumb": "http://i4.peapod.com/c/KK/KKNHZ.gif", "price": "300", "unit_price": "$.30/ oz", "name": "Tootsie Roll Pops Assorted Flavors", "cnid": "16620202054458", "productId": "20524", "size": "10.1 oz bag"},
{"thumb": "http://i4.peapod.com/c/KK/KKNHZ.gif", "price": "329", "unit_price": "$.06/ ea", "name": "Trident Gum Bubble Gum Sugar Free - 3 pk", "cnid": "16620202054458", "productId": "130374", "size": "54 ct pkg"},
{"thumb": "http://i4.peapod.com/c/KK/KKNHZ.gif", "price": "129", "unit_price": "$.07/ ea", "name": "Trident Gum Bubble Gum Sugar Free Single Pack", "cnid": "16620202054458", "productId": "525", "size": "18 ct pkg"},
{"thumb": "http://i4.peapod.com/c/KK/KKNHZ.gif", "price": "129", "unit_price": "$.07/ ea", "name": "Trident Gum Original Flavor Sugar Free Single Pack", "cnid": "16620202054458", "productId": "516", "size": "18 ct pkg"},
{"thumb": "http://i4.peapod.com/c/KK/KKNHZ.gif", "price": "329", "unit_price": "$.06/ ea", "name": "Trident Gum Wintergreen Sugar Free - 3 pk", "cnid": "16620202054458", "productId": "162213", "size": "54 ct pkg"},
{"thumb": "http://i4.peapod.com/c/KK/KKNHZ.gif", "price": "149", "unit_price": "$.11/ ea", "name": "Trident Layers Gum Green Apple + Golden Pineapple Sugar Free Single Pack", "cnid": "16620202054458", "productId": "162475", "size": "14 ct pkg"},
{"thumb": "http://i4.peapod.com/c/KK/KKNHZ.gif", "price": "199", "unit_price": "$.61/ oz", "name": "Twix Cookie Bars Caramel Fun Size - 6 ct", "cnid": "16620202054458", "productId": "34081", "size": "3.28 oz pkg"},
{"thumb": "http://i4.peapod.com/c/KK/KKNHZ.gif", "price": "279", "unit_price": "$.17/ oz", "name": "Twizzlers Cherry Bites", "cnid": "16620202054458", "productId": "45909", "size": "16 oz bag"},
{"thumb": "http://i4.peapod.com/c/KK/KKNHZ.gif", "price": "279", "unit_price": "$.22/ oz", "name": "Twizzlers Rainbow Twists", "cnid": "16620202054458", "productId": "145736", "size": "12.4 oz bag"},
{"thumb": "http://i4.peapod.com/c/KK/KKNHZ.gif", "price": "279", "unit_price": "$.17/ oz", "name": "Twizzlers Strawberry Twists", "cnid": "16620202054458", "productId": "3228", "size": "16 oz bag"},
{"thumb": "http://i4.peapod.com/c/KK/KKNHZ.gif", "price": "249", "unit_price": "$.90/ oz", "name": "Werther's Original Candy Sugar Free", "cnid": "16620202054458", "productId": "138188", "size": "2.75 oz bag"},
{"thumb": "http://i4.peapod.com/c/KK/KKNHZ.gif", "price": "349", "unit_price": "$.39/ oz", "name": "Werthers Candy Original Butter", "cnid": "16620202054458", "productId": "39896", "size": "9 oz bag"},
{"thumb": "http://i4.peapod.com/c/KK/KKNHZ.gif", "price": "125", "unit_price": "$.25/ oz", "name": "WHOPPERS Malted Milk Balls Theatre Box", "cnid": "16620202054458", "productId": "153957", "size": "5 oz box"},
{"thumb": "http://i4.peapod.com/c/KK/KKNHZ.gif", "price": "269", "unit_price": "$.27/ oz", "name": "WHOPPERS Robin Eggs Malted Milk Candy", "cnid": "16620202054458", "productId": "144070", "size": "10 oz bag"},
{"thumb": "http://i4.peapod.com/c/KK/KKNHZ.gif", "price": "399", "unit_price": "$.09/ ea", "name": "Wrigley's 5 Gum Cobalt Sugar Free - 3 pk", "cnid": "16620202054458", "productId": "155666", "size": "45 ct pkg"},
{"thumb": "http://i4.peapod.com/c/KK/KKNHZ.gif", "price": "399", "unit_price": "$.09/ ea", "name": "Wrigley's 5 Gum Rain Tingling Spearmint Sugar Free - 3 pk", "cnid": "16620202054458", "productId": "160683", "size": "45 ct pkg"},
{"thumb": "http://i4.peapod.com/c/KK/KKNHZ.gif", "price": "149", "unit_price": "$.10/ ea", "name": "Wrigley's 5 Gum RPM Mint Sugar Free Single Pack", "cnid": "16620202054458", "productId": "188017", "size": "15 ct pkg"},
{"thumb": "http://i4.peapod.com/c/KK/KKNHZ.gif", "price": "399", "unit_price": "$.07/ ea", "name": "Wrigley's Eclipse Gum Spearmint Sugar Free", "cnid": "16620202054458", "productId": "167962", "size": "60 ct can"},
{"thumb": "http://i4.peapod.com/c/KK/KKNHZ.gif", "price": "139", "unit_price": "$.12/ ea", "name": "Wrigley's Eclipse Gum Winterfrost Sugar Free Single Pack", "cnid": "16620202054458", "productId": "118104", "size": "12 ct pkg"},
{"thumb": "http://i4.peapod.com/c/KK/KKNHZ.gif", "price": "129", "unit_price": "$.09/ ea", "name": "Wrigley's Extra Dessert Delights Gum Mint Chocolate Chip Sugar Free Single", "cnid": "16620202054458", "productId": "165660", "size": "15 ct pkg"},
{"thumb": "http://i4.peapod.com/c/KK/KKNHZ.gif", "price": "250", "unit_price": "$.06/ ea", "name": "Wrigley's Extra Gum Classic Bubble Gum Sugar Free - 3 pk", "cnid": "16620202054458", "productId": "162211", "size": "45 ct pkg"},
{"thumb": "http://i4.peapod.com/c/KK/KKNHZ.gif", "price": "250", "unit_price": "$.06/ ea", "name": "Wrigley's Extra Gum Peppermint Sugar Free - 3 pk", "cnid": "16620202054458", "productId": "159787", "size": "45 ct pkg"},
{"thumb": "http://i4.peapod.com/c/KK/KKNHZ.gif", "price": "250", "unit_price": "$.06/ ea", "name": "Wrigley's Extra Gum Polar Ice Sugar Free - 3 pk", "cnid": "16620202054458", "productId": "159790", "size": "45 ct pkg"},
{"thumb": "http://i4.peapod.com/c/KK/KKNHZ.gif", "price": "129", "unit_price": "$.09/ ea", "name": "Wrigley's Juicy Fruit Gum Slim Pack Single Pack", "cnid": "16620202054458", "productId": "1946", "size": "15 ct pkg"},
{"thumb": "http://i4.peapod.com/c/KK/KKNHZ.gif", "price": "129", "unit_price": "$.09/ ea", "name": "Wrigley's Orbit Gum Bubblemint Sugar Free Single Pack", "cnid": "16620202054458", "productId": "131954", "size": "14 ct pkg"},
{"thumb": "http://i4.peapod.com/c/KK/KKNHZ.gif", "price": "129", "unit_price": "$.09/ ea", "name": "Wrigley's Orbit Gum Peppermint Sugar Free", "cnid": "16620202054458", "productId": "179460", "size": "14 ct pkg"},
{"thumb": "http://i4.peapod.com/c/KK/KKNHZ.gif", "price": "129", "unit_price": "$.09/ ea", "name": "Wrigley's Orbit Gum Spearmint Sugar Free Single Pack", "cnid": "16620202054458", "productId": "131955", "size": "14 ct pkg"},
{"thumb": "http://i4.peapod.com/c/KK/KKNHZ.gif", "price": "129", "unit_price": "$.09/ ea", "name": "Wrigley's Orbit Gum Wintermint Sugar Free Single Pack", "cnid": "16620202054458", "productId": "145106", "size": "14 ct pkg"},
{"thumb": "http://i4.peapod.com/c/KK/KKNHZ.gif", "price": "399", "unit_price": "$.09/ ea", "name": "Wrigley's Orbit Mist Gum Peppermint Spray Sugar Free - 3 pk", "cnid": "16620202054458", "productId": "175045", "size": "42 ct pkg"},
{"thumb": "http://i4.peapod.com/c/KK/KKNHZ.gif", "price": "210", "unit_price": "$.17/ oz", "name": "York Peppermint Patties", "cnid": "16620202054458", "productId": "3205", "size": "12 oz bag"},
{"thumb": "http://i4.peapod.com/c/KK/KKNHZ.gif", "price": "599", "unit_price": "$.30/ oz", "name": "York Peppermint Patties Mini Big Bag", "cnid": "16620202054458", "productId": "131164", "size": "19.7 oz bag"},
{"thumb": "http://i4.peapod.com/c/KK/KKNHZ.gif", "price": "333", "unit_price": "$.32/ oz", "name": "York Peppermint Pieces Candy Pouch", "cnid": "16620202054458", "productId": "157507", "size": "10.5 oz bag"},
{"thumb": "http://i4.peapod.com/c/KK/KKNHZ.gif", "price": "459", "unit_price": "$.46/ oz", "name": "3 Musketeers Bars Miniatures", "cnid": "16620202043403", "productId": "49891", "size": "10 oz bag"},
{"thumb": "http://i4.peapod.com/c/KK/KKNHZ.gif", "price": "150", "unit_price": "$.31/ oz", "name": "Almond Joy Milk Chocolate Candy Bar with Coconut & Almonds - 8 ct", "cnid": "16620202043403", "productId": "153871", "size": "4.8 oz pkg"},
{"thumb": "http://i4.peapod.com/c/KK/KKNHZ.gif", "price": "333", "unit_price": "$.33/ oz", "name": "Almond Joy Pieces Candy Pouch", "cnid": "16620202043403", "productId": "157508", "size": "10 oz bag"},
{"thumb": "http://i4.peapod.com/c/KK/KKNHZ.gif", "price": "219", "unit_price": "$1.24/ oz", "name": "Altoids Curiously Strong Mints Wintergreen", "cnid": "16620202043403", "productId": "163840", "size": "1.76 oz tin"},
{"thumb": "http://i4.peapod.com/c/KK/KKNHZ.gif", "price": "219", "unit_price": "$1.24/ oz", "name": "Altoids Curiously Strong Peppermint Mints", "cnid": "16620202043403", "productId": "15082", "size": "1.76 oz tin"},
{"thumb": "http://i4.peapod.com/c/KK/KKNHZ.gif", "price": "225", "unit_price": "$.48/ oz", "name": "Andes Chocolate Mints Creme De Menthe - 28 ct", "cnid": "16620202043403", "productId": "12821", "size": "4.67 oz box"},
{"thumb": "http://i4.peapod.com/c/KK/KKNHZ.gif", "price": "649", "unit_price": "$1.08/ oz", "name": "Atkins Endulge Peanut Butter Cups - 5 ct", "cnid": "16620202043403", "productId": "132635", "size": "6 oz box"},
{"thumb": "http://i4.peapod.com/c/KK/KKNHZ.gif", "price": "159", "unit_price": "$.18/ oz", "name": "Brach's Jelly Bird Eggs Classic", "cnid": "16620202043403", "productId": "13192", "size": "9 oz bag"},
{"thumb": "http://i4.peapod.com/c/KK/KKNHZ.gif", "price": "159", "unit_price": "$.18/ oz", "name": "Brach's Jelly Bird Eggs Spiced", "cnid": "16620202043403", "productId": "157450", "size": "9 oz bag"},
{"thumb": "http://i4.peapod.com/c/KK/KKNHZ.gif", "price": "299", "unit_price": "$.60/ ea", "name": "Breathsavers Mints Peppermint Sugar Free - 5 rolls", "cnid": "16620202043403", "productId": "99678", "size": "5 roll pkg"},
{"thumb": "http://i4.peapod.com/c/KK/KKNHZ.gif", "price": "299", "unit_price": "$.60/ ea", "name": "Breathsavers Mints Wintergreen Sugar Free - 5 rolls", "cnid": "16620202043403", "productId": "99680", "size": "5 roll pkg"},
{"thumb": "http://i4.peapod.com/c/KK/KKNHZ.gif", "price": "329", "unit_price": "$.69/ oz", "name": "Cadbury Caramel Eggs - 4 ct", "cnid": "16620202043403", "productId": "49272", "size": "4.8 oz pkg"},
{"thumb": "http://i4.peapod.com/c/KK/KKNHZ.gif", "price": "329", "unit_price": "$.69/ oz", "name": "Cadbury Creme Eggs - 4 ct", "cnid": "16620202043403", "productId": "18792", "size": "4.8 oz box"},
{"thumb": "http://i4.peapod.com/c/KK/KKNHZ.gif", "price": "200", "unit_price": "$.57/ oz", "name": "Cadbury Dairy Milk Chocolate Bar", "cnid": "16620202043403", "productId": "6612", "size": "3.5 oz bar"},
{"thumb": "http://i4.peapod.com/c/KK/KKNHZ.gif", "price": "200", "unit_price": "$.57/ oz", "name": "Cadbury Fruit & Nut Milk Chocolate Bar with Raisins & Almonds", "cnid": "16620202043403", "productId": "6613", "size": "3.5 oz bar"},
{"thumb": "http://i4.peapod.com/c/KK/KKNHZ.gif", "price": "369", "unit_price": "$.37/ oz", "name": "Cadbury Milk Chocolate Mini Eggs", "cnid": "16620202043403", "productId": "40527", "size": "10 oz bag"},
{"thumb": "http://i4.peapod.com/c/KK/KKNHZ.gif", "price": "299", "unit_price": "$.29/ oz", "name": "Charms Blow Pops Bubble Gum Filled Assorted Flavors", "cnid": "16620202043403", "productId": "79409", "size": "10.4 oz bag"},
{"thumb": "http://i4.peapod.com/c/KK/KKNHZ.gif", "price": "279", "unit_price": "$.08/ ea", "name": "Dentyne Ice Gum Peppermint - 3 pk", "cnid": "16620202043403", "productId": "119098", "size": "36 ct pkg"},
{"thumb": "http://i4.peapod.com/c/KK/KKNHZ.gif", "price": "479", "unit_price": "$.50/ oz", "name": "Dove Promises Silky Smooth Milk Chocolate", "cnid": "16620202043403", "productId": "130688", "size": "9.5 oz bag"},
{"thumb": "http://i4.peapod.com/c/KK/KKNHZ.gif", "price": "199", "unit_price": "$.66/ oz", "name": "Elite Bittersweet Chocolate Bar Kosher for Passover", "cnid": "16620202043403", "productId": "130111", "size": "3 oz bar"},
{"thumb": "http://i4.peapod.com/c/KK/KKNHZ.gif", "price": "299", "unit_price": "$1.00/ oz", "name": "Endangered Species Dark Chocolate 72% Cocoa All Natural", "cnid": "16620202043403", "productId": "155697", "size": "3 oz bar"},
{"thumb": "http://i4.peapod.com/c/KK/KKNHZ.gif", "price": "299", "unit_price": "$1.00/ oz", "name": "Endangered Species Dark Chocolate w/Cranberries/Almonds 72% Cocoa Natural", "cnid": "16620202043403", "productId": "155131", "size": "3 oz bar"},
{"thumb": "http://i4.peapod.com/c/KK/KKNHZ.gif", "price": "299", "unit_price": "$1.00/ oz", "name": "Endangered Species Dark Chocolate w/Espresso Beans 72% Cocoa All Natural", "cnid": "16620202043403", "productId": "155698", "size": "3 oz bar"},
{"thumb": "http://i4.peapod.com/c/KK/KKNHZ.gif", "price": "350", "unit_price": "$.66/ oz", "name": "Ferrero Rocher Chocolates Hazelnut - 12 ct", "cnid": "16620202043403", "productId": "99628", "size": "5.3 oz pkg"},
{"thumb": "http://i4.peapod.com/c/KK/KKNHZ.gif", "price": "299", "unit_price": "$.25/ oz", "name": "Goetze Caramel Creams", "cnid": "16620202043403", "productId": "33723", "size": "12 oz bag"},
{"thumb": "http://i4.peapod.com/c/KK/KKNHZ.gif", "price": "125", "unit_price": "$.21/ oz", "name": "Good & Plenty Theatre Box", "cnid": "16620202043403", "productId": "153894", "size": "6 oz box"},
{"thumb": "http://i4.peapod.com/c/KK/KKNHZ.gif", "price": "349", "unit_price": "$1.00/ oz", "name": "Green & Black's Dark Chocolate Bar with Hazelnuts & Currants Organic", "cnid": "16620202043403", "productId": "142566", "size": "3.5 oz bar"},
{"thumb": "http://i4.peapod.com/c/KK/KKNHZ.gif", "price": "349", "unit_price": "$1.00/ oz", "name": "Green & Black's Milk Chocolate Bar 34% Cocoa Organic", "cnid": "16620202043403", "productId": "142568", "size": "3.5 oz bar"},
{"thumb": "http://i4.peapod.com/c/KK/KKNHZ.gif", "price": "150", "unit_price": "$.42/ oz", "name": "Hershey's Bars Milk Chocolate Fun Size - 8 ct", "cnid": "16620202043403", "productId": "145851", "size": "3.6 oz pkg"},
{"thumb": "http://i4.peapod.com/c/KK/KKNHZ.gif", "price": "400", "unit_price": "$.42/ oz", "name": "Hershey's Bliss Dark Chocolate", "cnid": "16620202043403", "productId": "153833", "size": "9.6 oz bag"},
{"thumb": "http://i4.peapod.com/c/KK/KKNHZ.gif", "price": "400", "unit_price": "$.42/ oz", "name": "Hershey's Bliss Milk Chocolate", "cnid": "16620202043403", "productId": "153832", "size": "9.6 oz bag"},
{"thumb": "http://i4.peapod.com/c/KK/KKNHZ.gif", "price": "369", "unit_price": "$.37/ oz", "name": "Hershey's Eggs Milk Chocolate Pastels", "cnid": "16620202043403", "productId": "13180", "size": "10 oz bag"},
{"thumb": "http://i4.peapod.com/c/KK/KKNHZ.gif", "price": "369", "unit_price": "$.37/ oz", "name": "Hershey's Eggs Special Dark Chocolate Pastels", "cnid": "16620202043403", "productId": "156463", "size": "10 oz bag"},
{"thumb": "http://i4.peapod.com/c/KK/KKNHZ.gif", "price": "210", "unit_price": "$.17/ oz", "name": "Hershey's Kisses Milk Chocolate Classic Bag", "cnid": "16620202043403", "productId": "3209", "size": "12 oz bag"},
{"thumb": "http://i4.peapod.com/c/KK/KKNHZ.gif", "price": "599", "unit_price": "$.30/ oz", "name": "Hershey's Kisses Milk Chocolate Family Bag", "cnid": "16620202043403", "productId": "26976", "size": "19.7 oz bag"},
{"thumb": "http://i4.peapod.com/c/KK/KKNHZ.gif", "price": "369", "unit_price": "$.34/ oz", "name": "Hershey's Kisses Milk Chocolate Pastels", "cnid": "16620202043403", "productId": "24522", "size": "11 oz bag"},
{"thumb": "http://i4.peapod.com/c/KK/KKNHZ.gif", "price": "210", "unit_price": "$.19/ oz", "name": "Hershey's Kisses Milk Chocolate with Almonds Classic Bag", "cnid": "16620202043403", "productId": "26974", "size": "11 oz bag"},
{"thumb": "http://i4.peapod.com/c/KK/KKNHZ.gif", "price": "210", "unit_price": "$.17/ oz", "name": "Hershey's Kisses Special Dark Chocolate Classic Bag", "cnid": "16620202043403", "productId": "146286", "size": "12 oz bag"},
{"thumb": "http://i4.peapod.com/c/KK/KKNHZ.gif", "price": "499", "unit_price": "$.55/ oz", "name": "Hershey's Kit Kat Candy Bars - 6 ct", "cnid": "16620202043403", "productId": "3222", "size": "9 oz pkg"},
{"thumb": "http://i4.peapod.com/c/KK/KKNHZ.gif", "price": "150", "unit_price": "$.38/ oz", "name": "Hershey's Kit Kat Candy Bars - 8 ct", "cnid": "16620202043403", "productId": "102402", "size": "3.92 oz pkg"},
{"thumb": "http://i4.peapod.com/c/KK/KKNHZ.gif", "price": "200", "unit_price": "$.46/ oz", "name": "Hershey's Milk Chocolate Bar", "cnid": "16620202043403", "productId": "3215", "size": "4.4 oz bar"},
{"thumb": "http://i4.peapod.com/c/KK/KKNHZ.gif", "price": "499", "unit_price": "$.54/ oz", "name": "Hershey's Milk Chocolate Bars - 6 ct", "cnid": "16620202043403", "productId": "3221", "size": "9.3 oz pkg"},
{"thumb": "http://i4.peapod.com/c/KK/KKNHZ.gif", "price": "499", "unit_price": "$.57/ oz", "name": "Hershey's Milk Chocolate Bars with Almonds - 6 ct", "cnid": "16620202043403", "productId": "74320", "size": "8.7 oz pkg"},
{"thumb": "http://i4.peapod.com/c/KK/KKNHZ.gif", "price": "200", "unit_price": "$.47/ oz", "name": "Hershey's Milk Chocolate Bar with Almonds", "cnid": "16620202043403", "productId": "3216", "size": "4.25 oz bar"},
{"thumb": "http://i4.peapod.com/c/KK/KKNHZ.gif", "price": "369", "unit_price": "$.37/ oz", "name": "Hershey's Milk Chocolate Extra Creamy Eggs", "cnid": "16620202043403", "productId": "188308", "size": "10 oz bag"},
{"thumb": "http://i4.peapod.com/c/KK/KKNHZ.gif", "price": "125", "unit_price": "$.25/ oz", "name": "Hershey's Milk Duds Candy Theatre Box", "cnid": "16620202043403", "productId": "145880", "size": "5 oz box"},
{"thumb": "http://i4.peapod.com/c/KK/KKNHZ.gif", "price": "369", "unit_price": "$.34/ oz", "name": "Hershey's Miniatures (Milk & Dark Chocolate/Mr. Goodbar/Krackel) Pastels", "cnid": "16620202043403", "productId": "24520", "size": "11 oz bag"},
{"thumb": "http://i4.peapod.com/c/KK/KKNHZ.gif", "price": "599", "unit_price": "$.30/ oz", "name": "Hershey's Miniatures Assorted Family Bag", "cnid": "16620202043403", "productId": "129717", "size": "19.7 oz bag"},
{"thumb": "http://i4.peapod.com/c/KK/KKNHZ.gif", "price": "210", "unit_price": "$.17/ oz", "name": "Hershey's Miniatures Chocolates Assorted", "cnid": "16620202043403", "productId": "26971", "size": "12 oz bag"},
{"thumb": "http://i4.peapod.com/c/KK/KKNHZ.gif", "price": "210", "unit_price": "$.17/ oz", "name": "Hershey's Nuggets Milk Chocolate Classic Bag", "cnid": "16620202043403", "productId": "34281", "size": "12 oz bag"},
{"thumb": "http://i4.peapod.com/c/KK/KKNHZ.gif", "price": "210", "unit_price": "$.17/ oz", "name": "Hershey's Nuggets Milk Chocolate with Almonds", "cnid": "16620202043403", "productId": "39836", "size": "12 oz bag"},
{"thumb": "http://i4.peapod.com/c/KK/KKNHZ.gif", "price": "210", "unit_price": "$.17/ oz", "name": "Hershey's Nuggets Special Dark Chocolate with Almonds", "cnid": "16620202043403", "productId": "102152", "size": "12 oz bag"},
{"thumb": "http://i4.peapod.com/c/KK/KKNHZ.gif", "price": "200", "unit_price": "$.47/ oz", "name": "Hershey's Special Dark Chocolate Bar", "cnid": "16620202043403", "productId": "3217", "size": "4.25 oz bar"},
{"thumb": "http://i4.peapod.com/c/KK/KKNHZ.gif", "price": "259", "unit_price": "$.86/ oz", "name": "Hershey's Special Dark Dark Chocolates Sugar Free", "cnid": "16620202043403", "productId": "129726", "size": "3 oz bag"},
{"thumb": "http://i4.peapod.com/c/KK/KKNHZ.gif", "price": "169", "unit_price": "$.28/ oz", "name": "Jujyfruits Candy", "cnid": "16620202043403", "productId": "33743", "size": "6 oz box"},
{"thumb": "http://i4.peapod.com/c/KK/KKNHZ.gif", "price": "125", "unit_price": "$.12/ oz", "name": "Kraft Jet-Puffed Marshmallows", "cnid": "16620202043403", "productId": "1869", "size": "10 oz bag"},
{"thumb": "http://i4.peapod.com/c/KK/KKNHZ.gif", "price": "239", "unit_price": "$.34/ oz", "name": "Lifesavers Gummies 5 Flavors", "cnid": "16620202043403", "productId": "155654", "size": "7 oz bag"},
{"thumb": "http://i4.peapod.com/c/KK/KKNHZ.gif", "price": "249", "unit_price": "$.40/ oz", "name": "Lifesavers Hard Candy Five Flavors", "cnid": "16620202043403", "productId": "30668", "size": "6.25 oz bag"},
{"thumb": "http://i4.peapod.com/c/KK/KKNHZ.gif", "price": "249", "unit_price": "$.90/ oz", "name": "Lifesavers Hard Candy Wint O Green Sugar Free", "cnid": "16620202043403", "productId": "162215", "size": "2.75 oz bag"},
{"thumb": "http://i4.peapod.com/c/KK/KKNHZ.gif", "price": "279", "unit_price": "$.80/ oz", "name": "Lindt Excellence Dark Chocolate Bar Extra Fine 85% Cocoa", "cnid": "16620202043403", "productId": "159782", "size": "3.5 oz bar"},
{"thumb": "http://i4.peapod.com/c/KK/KKNHZ.gif", "price": "279", "unit_price": "$.80/ oz", "name": "Lindt Excellence Dark Chocolate Bar Intense Orange", "cnid": "16620202043403", "productId": "162204", "size": "3.5 oz bar"},
{"thumb": "http://i4.peapod.com/c/KK/KKNHZ.gif", "price": "399", "unit_price": "$1.14/ oz", "name": "Lindt Gold Bunny Dark Chocolate", "cnid": "16620202043403", "productId": "162196", "size": "3.5 oz pkg"},
{"thumb": "http://i4.peapod.com/c/KK/KKNHZ.gif", "price": "399", "unit_price": "$1.14/ oz", "name": "Lindt Gold Bunny Milk Chocolate", "cnid": "16620202043403", "productId": "153877", "size": "3.5 oz pkg"},
{"thumb": "http://i4.peapod.com/c/KK/KKNHZ.gif", "price": "659", "unit_price": "$.34/ oz", "name": "M&M's Candies Milk Chocolate", "cnid": "16620202043403", "productId": "130690", "size": "19.2 oz bag"},
{"thumb": "http://i4.peapod.com/c/KK/KKNHZ.gif", "price": "399", "unit_price": "$.32/ oz", "name": "M&M's Candies Milk Chocolate", "cnid": "16620202043403", "productId": "4074", "size": "12.6 oz bag"},
{"thumb": "http://i4.peapod.com/c/KK/KKNHZ.gif", "price": "399", "unit_price": "$.32/ oz", "name": "M&M's Candies Milk Chocolate Bunny Mix Pastels", "cnid": "16620202043403", "productId": "13179", "size": "12.6 oz bag"},
{"thumb": "http://i4.peapod.com/c/KK/KKNHZ.gif", "price": "399", "unit_price": "$.32/ oz", "name": "M&M's Candies Milk Chocolate Peanut", "cnid": "16620202043403", "productId": "4075", "size": "12.6 oz bag"},
{"thumb": "http://i4.peapod.com/c/KK/KKNHZ.gif", "price": "659", "unit_price": "$.34/ oz", "name": "M&M's Candies Milk Chocolate Peanut", "cnid": "16620202043403", "productId": "74324", "size": "19.2 oz bag"},
{"thumb": "http://i4.peapod.com/c/KK/KKNHZ.gif", "price": "399", "unit_price": "$.32/ oz", "name": "M&M's Candies Milk Chocolate Peanut Bunny Mix Pastels", "cnid": "16620202043403", "productId": "13177", "size": "12.6 oz bag"},
{"thumb": "http://i4.peapod.com/c/KK/KKNHZ.gif", "price": "399", "unit_price": "$.40/ oz", "name": "M&M's Candies Milk Chocolate Pretzel", "cnid": "16620202043403", "productId": "162205", "size": "9.9 oz bag"},
{"thumb": "http://i4.peapod.com/c/KK/KKNHZ.gif", "price": "399", "unit_price": "$.40/ oz", "name": "M&M's Candies Milk Chocolate Pretzels Pastels", "cnid": "16620202043403", "productId": "188515", "size": "9.9 oz bag"},
{"thumb": "http://i4.peapod.com/c/KK/KKNHZ.gif", "price": "399", "unit_price": "$.37/ oz", "name": "M&M's Candies Milk Chocolate Speck-Tacular EGGS!", "cnid": "16620202043403", "productId": "133562", "size": "10.9 oz bag"},
{"thumb": "http://i4.peapod.com/c/KK/KKNHZ.gif", "price": "399", "unit_price": "$.40/ oz", "name": "M&M's Candies Speck-Tacular EGGS! Peanut Butter Speckled Eggs", "cnid": "16620202043403", "productId": "186086", "size": "9.9 oz bag"},
{"thumb": "http://i4.peapod.com/c/KK/KKNHZ.gif", "price": "459", "unit_price": "$.44/ oz", "name": "Mars Chocolate Minis Mix", "cnid": "16620202043403", "productId": "162209", "size": "10.5 oz bag"},
{"thumb": "http://i4.peapod.com/c/KK/KKNHZ.gif", "price": "229", "unit_price": "$.14/ oz", "name": "Marshmallow Fluff", "cnid": "16620202043403", "productId": "70494", "size": "16 oz tub"},
{"thumb": "http://i4.peapod.com/c/KK/KKNHZ.gif", "price": "300", "unit_price": "$.38/ ea", "name": "Mentos Chewy Candies Mint - 6 pk", "cnid": "16620202043403", "productId": "148300", "size": "7.8 oz pkg"},
{"thumb": "http://i4.peapod.com/c/KK/KKNHZ.gif", "price": "199", "unit_price": "$.51/ oz", "name": "Nestle Butterfinger Bars - 6 ct", "cnid": "16620202043403", "productId": "74089", "size": "3.9 oz pkg"},
{"thumb": "http://i4.peapod.com/c/KK/KKNHZ.gif", "price": "349", "unit_price": "$.28/ oz", "name": "Nestle Butterfinger Bars Fun Size", "cnid": "16620202043403", "productId": "13907", "size": "12.5 oz bag"},
{"thumb": "http://i4.peapod.com/c/KK/KKNHZ.gif", "price": "139", "unit_price": "$.35/ oz", "name": "Nestle Nips Caramel", "cnid": "16620202043403", "productId": "1578", "size": "4 oz box"},
{"thumb": "http://i4.peapod.com/c/KK/KKNHZ.gif", "price": "139", "unit_price": "$.35/ oz", "name": "Nestle Nips Chocolate Parfait", "cnid": "16620202043403", "productId": "1579", "size": "4 oz box"},
{"thumb": "http://i4.peapod.com/c/KK/KKNHZ.gif", "price": "179", "unit_price": "$.58/ oz", "name": "Nestle Sno-Caps Semi-Sweet Chocolate Nonpareils Theatre Box", "cnid": "16620202043403", "productId": "162206", "size": "3.1 oz box"},
{"thumb": "http://i4.peapod.com/c/KK/KKNHZ.gif", "price": "329", "unit_price": "$.47/ oz", "name": "Panda Soft Licorice All Natural", "cnid": "16620202043403", "productId": "163459", "size": "7 oz box"},
{"thumb": "http://i4.peapod.com/c/KK/KKNHZ.gif", "price": "89", "unit_price": "$.59/ oz", "name": "PEEPS Marshmallow Chicks Pink - 5 ct", "cnid": "16620202043403", "productId": "192722", "size": "1.5 oz pkg"},
{"thumb": "http://i4.peapod.com/c/KK/KKNHZ.gif", "price": "89", "unit_price": "$.59/ oz", "name": "PEEPS Marshmallow Chicks Purple - 5 ct", "cnid": "16620202043403", "productId": "192723", "size": "1.5 oz pkg"},
{"thumb": "http://i4.peapod.com/c/KK/KKNHZ.gif", "price": "89", "unit_price": "$.59/ oz", "name": "PEEPS Marshmallow Chicks Yellow - 5 ct", "cnid": "16620202043403", "productId": "158047", "size": "1.5 oz pkg"},
{"thumb": "http://i4.peapod.com/c/KK/KKNHZ.gif", "price": "499", "unit_price": "$.55/ oz", "name": "Reese's Peanut Butter Cups - 6 pk", "cnid": "16620202043403", "productId": "42476", "size": "9 oz pkg"},
{"thumb": "http://i4.peapod.com/c/KK/KKNHZ.gif", "price": "599", "unit_price": "$.30/ oz", "name": "Reese's Peanut Butter Cups Miniatures", "cnid": "16620202043403", "productId": "154400", "size": "19.7 oz bag"},
{"thumb": "http://i4.peapod.com/c/KK/KKNHZ.gif", "price": "210", "unit_price": "$.17/ oz", "name": "Reese's Peanut Butter Cups Miniatures", "cnid": "16620202043403", "productId": "3226", "size": "12 oz bag"},
{"thumb": "http://i4.peapod.com/c/KK/KKNHZ.gif", "price": "369", "unit_price": "$.34/ oz", "name": "Reese's Peanut Butter Cups Miniatures Pastels", "cnid": "16620202043403", "productId": "24521", "size": "11 oz bag"},
{"thumb": "http://i4.peapod.com/c/KK/KKNHZ.gif", "price": "259", "unit_price": "$.86/ oz", "name": "Reese's Peanut Butter Cups Miniatures Sugar Free", "cnid": "16620202043403", "productId": "129724", "size": "3 oz bag"},
{"thumb": "http://i4.peapod.com/c/KK/KKNHZ.gif", "price": "150", "unit_price": "$.34/ oz", "name": "Reese's Peanut Butter Cups Pack A Snack! - 8 ct", "cnid": "16620202043403", "productId": "40403", "size": "4.4 oz pkg"},
{"thumb": "http://i4.peapod.com/c/KK/KKNHZ.gif", "price": "399", "unit_price": "$.55/ oz", "name": "Reese's Peanut Butter Eggs - 6 ct", "cnid": "16620202043403", "productId": "162099", "size": "7.2 oz pkg"},
{"thumb": "http://i4.peapod.com/c/KK/KKNHZ.gif", "price": "369", "unit_price": "$.34/ oz", "name": "Reese's Peanut Butter Eggs Snack Size", "cnid": "16620202043403", "productId": "127162", "size": "10.8 oz bag"},
{"thumb": "http://i4.peapod.com/c/KK/KKNHZ.gif", "price": "333", "unit_price": "$.32/ oz", "name": "Reese's Pieces Peanut Butter Candy", "cnid": "16620202043403", "productId": "157506", "size": "10.5 oz bag"},
{"thumb": "http://i4.peapod.com/c/KK/KKNHZ.gif", "price": "125", "unit_price": "$.31/ oz", "name": "Reese's Pieces Peanut Butter Candy Theatre Box", "cnid": "16620202043403", "productId": "153958", "size": "4 oz box"},
{"thumb": "http://i4.peapod.com/c/KK/KKNHZ.gif", "price": "219", "unit_price": "$.73/ oz", "name": "Russell Stover Bunny Solid Dark Chocolate", "cnid": "16620202043403", "productId": "162078", "size": "3 oz pkg"},
{"thumb": "http://i4.peapod.com/c/KK/KKNHZ.gif", "price": "219", "unit_price": "$.73/ oz", "name": "Russell Stover Bunny Solid Milk Chocolate", "cnid": "16620202043403", "productId": "162194", "size": "3 oz pkg"},
{"thumb": "http://i4.peapod.com/c/KK/KKNHZ.gif", "price": "219", "unit_price": "$.73/ oz", "name": "Russell Stover Bunny Solid White Pastelle (White Chocolate)", "cnid": "16620202043403", "productId": "162101", "size": "3 oz box"},
{"thumb": "http://i4.peapod.com/c/KK/KKNHZ.gif", "price": "379", "unit_price": "$.27/ oz", "name": "Skittles Bite Size Candies Original", "cnid": "16620202043403", "productId": "4070", "size": "14 oz bag"},
{"thumb": "http://i4.peapod.com/c/KK/KKNHZ.gif", "price": "299", "unit_price": "$.24/ oz", "name": "Smucker's Topping Marshmallow Fat Free", "cnid": "16620202043403", "productId": "13845", "size": "12.2 oz jar"},
{"thumb": "http://i4.peapod.com/c/KK/KKNHZ.gif", "price": "459", "unit_price": "$.40/ oz", "name": "Snickers Minis", "cnid": "16620202043403", "productId": "26987", "size": "11.5 oz bag"},
{"thumb": "http://i4.peapod.com/c/KK/KKNHZ.gif", "price": "249", "unit_price": "$.31/ oz", "name": "Sour Patch Soft & Chewy Candy Watermelon", "cnid": "16620202043403", "productId": "162207", "size": "8 oz bag"},
{"thumb": "http://i4.peapod.com/c/KK/KKNHZ.gif", "price": "379", "unit_price": "$.27/ oz", "name": "Starburst Fruit Chews Original", "cnid": "16620202043403", "productId": "4069", "size": "14 oz bag"},
{"thumb": "http://i4.peapod.com/c/KK/KKNHZ.gif", "price": "219", "unit_price": "$.12/ oz", "name": "Stop & Shop Jelly Eggs", "cnid": "16620202043403", "productId": "189886", "size": "18 oz pkg"},
{"thumb": "http://i4.peapod.com/c/KK/KKNHZ.gif", "price": "139", "unit_price": "$.15/ oz", "name": "Stop & Shop Jelly Eggs", "cnid": "16620202043403", "productId": "186440", "size": "9 oz bag"},
{"thumb": "http://i4.peapod.com/c/KK/KKNHZ.gif", "price": "139", "unit_price": "$.15/ oz", "name": "Stop & Shop Jelly Eggs Speckled", "cnid": "16620202043403", "productId": "186439", "size": "9 oz bag"},
{"thumb": "http://i4.peapod.com/c/KK/KKNHZ.gif", "price": "100", "unit_price": "$.10/ oz", "name": "Stop & Shop Marshmallows", "cnid": "16620202043403", "productId": "57638", "size": "10 oz bag"},
{"thumb": "http://i4.peapod.com/c/KK/KKNHZ.gif", "price": "100", "unit_price": "$.10/ oz", "name": "Stop & Shop Marshmallows Mini", "cnid": "16620202043403", "productId": "58103", "size": "10 oz bag"},
{"thumb": "http://i4.peapod.com/c/KK/KKNHZ.gif", "price": "299", "unit_price": "$.21/ oz", "name": "Swedish Fish Original Red", "cnid": "16620202043403", "productId": "123986", "size": "14 oz bag"},
{"thumb": "http://i4.peapod.com/c/KK/KKNHZ.gif", "price": "249", "unit_price": "$.31/ oz", "name": "Swedish Fish Original Red", "cnid": "16620202043403", "productId": "162208", "size": "8 oz bag"},
{"thumb": "http://i4.peapod.com/c/KK/KKNHZ.gif", "price": "399", "unit_price": "$1.00/ ea", "name": "Tic Tac Freshmints - 4 pk", "cnid": "16620202043403", "productId": "129034", "size": "4 oz pkg"},
{"thumb": "http://i4.peapod.com/c/KK/KKNHZ.gif", "price": "399", "unit_price": "$1.00/ ea", "name": "Tic Tac Mints Wintergreen - 4 ct", "cnid": "16620202043403", "productId": "162214", "size": "4 oz pkg"},
{"thumb": "http://i4.peapod.com/c/KK/KKNHZ.gif", "price": "259", "unit_price": "$.74/ oz", "name": "Toblerone Swiss Milk Chocolate Bar with Honey & Almond Nougat", "cnid": "16620202043403", "productId": "35797", "size": "3.5 oz bar"},
{"thumb": "http://i4.peapod.com/c/KK/KKNHZ.gif", "price": "300", "unit_price": "$.25/ oz", "name": "Tootsie Roll Midgees", "cnid": "16620202043403", "productId": "33274", "size": "12 oz bag"},
{"thumb": "http://i4.peapod.com/c/KK/KKNHZ.gif", "price": "300", "unit_price": "$.30/ oz", "name": "Tootsie Roll Pops Assorted Flavors", "cnid": "16620202043403", "productId": "20524", "size": "10.1 oz bag"},
{"thumb": "http://i4.peapod.com/c/KK/KKNHZ.gif", "price": "329", "unit_price": "$.06/ ea", "name": "Trident Gum Bubble Gum Sugar Free - 3 pk", "cnid": "16620202043403", "productId": "130374", "size": "54 ct pkg"},
{"thumb": "http://i4.peapod.com/c/KK/KKNHZ.gif", "price": "129", "unit_price": "$.07/ ea", "name": "Trident Gum Bubble Gum Sugar Free Single Pack", "cnid": "16620202043403", "productId": "525", "size": "18 ct pkg"},
{"thumb": "http://i4.peapod.com/c/KK/KKNHZ.gif", "price": "129", "unit_price": "$.07/ ea", "name": "Trident Gum Original Flavor Sugar Free Single Pack", "cnid": "16620202043403", "productId": "516", "size": "18 ct pkg"},
{"thumb": "http://i4.peapod.com/c/KK/KKNHZ.gif", "price": "329", "unit_price": "$.06/ ea", "name": "Trident Gum Wintergreen Sugar Free - 3 pk", "cnid": "16620202043403", "productId": "162213", "size": "54 ct pkg"},
{"thumb": "http://i4.peapod.com/c/KK/KKNHZ.gif", "price": "149", "unit_price": "$.11/ ea", "name": "Trident Layers Gum Green Apple + Golden Pineapple Sugar Free Single Pack", "cnid": "16620202043403", "productId": "162475", "size": "14 ct pkg"},
{"thumb": "http://i4.peapod.com/c/KK/KKNHZ.gif", "price": "199", "unit_price": "$.61/ oz", "name": "Twix Cookie Bars Caramel Fun Size - 6 ct", "cnid": "16620202043403", "productId": "34081", "size": "3.28 oz pkg"},
{"thumb": "http://i4.peapod.com/c/KK/KKNHZ.gif", "price": "279", "unit_price": "$.17/ oz", "name": "Twizzlers Cherry Bites", "cnid": "16620202043403", "productId": "45909", "size": "16 oz bag"},
{"thumb": "http://i4.peapod.com/c/KK/KKNHZ.gif", "price": "279", "unit_price": "$.22/ oz", "name": "Twizzlers Rainbow Twists", "cnid": "16620202043403", "productId": "145736", "size": "12.4 oz bag"},
{"thumb": "http://i4.peapod.com/c/KK/KKNHZ.gif", "price": "279", "unit_price": "$.17/ oz", "name": "Twizzlers Strawberry Twists", "cnid": "16620202043403", "productId": "3228", "size": "16 oz bag"},
{"thumb": "http://i4.peapod.com/c/KK/KKNHZ.gif", "price": "249", "unit_price": "$.90/ oz", "name": "Werther's Original Candy Sugar Free", "cnid": "16620202043403", "productId": "138188", "size": "2.75 oz bag"},
{"thumb": "http://i4.peapod.com/c/KK/KKNHZ.gif", "price": "349", "unit_price": "$.39/ oz", "name": "Werthers Candy Original Butter", "cnid": "16620202043403", "productId": "39896", "size": "9 oz bag"},
{"thumb": "http://i4.peapod.com/c/KK/KKNHZ.gif", "price": "125", "unit_price": "$.25/ oz", "name": "WHOPPERS Malted Milk Balls Theatre Box", "cnid": "16620202043403", "productId": "153957", "size": "5 oz box"},
{"thumb": "http://i4.peapod.com/c/KK/KKNHZ.gif", "price": "269", "unit_price": "$.27/ oz", "name": "WHOPPERS Robin Eggs Malted Milk Candy", "cnid": "16620202043403", "productId": "144070", "size": "10 oz bag"},
{"thumb": "http://i4.peapod.com/c/KK/KKNHZ.gif", "price": "399", "unit_price": "$.09/ ea", "name": "Wrigley's 5 Gum Cobalt Sugar Free - 3 pk", "cnid": "16620202043403", "productId": "155666", "size": "45 ct pkg"},
{"thumb": "http://i4.peapod.com/c/KK/KKNHZ.gif", "price": "399", "unit_price": "$.09/ ea", "name": "Wrigley's 5 Gum Rain Tingling Spearmint Sugar Free - 3 pk", "cnid": "16620202043403", "productId": "160683", "size": "45 ct pkg"},
{"thumb": "http://i4.peapod.com/c/KK/KKNHZ.gif", "price": "149", "unit_price": "$.10/ ea", "name": "Wrigley's 5 Gum RPM Mint Sugar Free Single Pack", "cnid": "16620202043403", "productId": "188017", "size": "15 ct pkg"},
{"thumb": "http://i4.peapod.com/c/KK/KKNHZ.gif", "price": "399", "unit_price": "$.07/ ea", "name": "Wrigley's Eclipse Gum Spearmint Sugar Free", "cnid": "16620202043403", "productId": "167962", "size": "60 ct can"},
{"thumb": "http://i4.peapod.com/c/KK/KKNHZ.gif", "price": "139", "unit_price": "$.12/ ea", "name": "Wrigley's Eclipse Gum Winterfrost Sugar Free Single Pack", "cnid": "16620202043403", "productId": "118104", "size": "12 ct pkg"},
{"thumb": "http://i4.peapod.com/c/KK/KKNHZ.gif", "price": "129", "unit_price": "$.09/ ea", "name": "Wrigley's Extra Dessert Delights Gum Mint Chocolate Chip Sugar Free Single", "cnid": "16620202043403", "productId": "165660", "size": "15 ct pkg"},
{"thumb": "http://i4.peapod.com/c/KK/KKNHZ.gif", "price": "250", "unit_price": "$.06/ ea", "name": "Wrigley's Extra Gum Classic Bubble Gum Sugar Free - 3 pk", "cnid": "16620202043403", "productId": "162211", "size": "45 ct pkg"},
{"thumb": "http://i4.peapod.com/c/KK/KKNHZ.gif", "price": "250", "unit_price": "$.06/ ea", "name": "Wrigley's Extra Gum Peppermint Sugar Free - 3 pk", "cnid": "16620202043403", "productId": "159787", "size": "45 ct pkg"},
{"thumb": "http://i4.peapod.com/c/KK/KKNHZ.gif", "price": "250", "unit_price": "$.06/ ea", "name": "Wrigley's Extra Gum Polar Ice Sugar Free - 3 pk", "cnid": "16620202043403", "productId": "159790", "size": "45 ct pkg"},
{"thumb": "http://i4.peapod.com/c/KK/KKNHZ.gif", "price": "129", "unit_price": "$.09/ ea", "name": "Wrigley's Juicy Fruit Gum Slim Pack Single Pack", "cnid": "16620202043403", "productId": "1946", "size": "15 ct pkg"},
{"thumb": "http://i4.peapod.com/c/KK/KKNHZ.gif", "price": "129", "unit_price": "$.09/ ea", "name": "Wrigley's Orbit Gum Bubblemint Sugar Free Single Pack", "cnid": "16620202043403", "productId": "131954", "size": "14 ct pkg"},
{"thumb": "http://i4.peapod.com/c/KK/KKNHZ.gif", "price": "129", "unit_price": "$.09/ ea", "name": "Wrigley's Orbit Gum Peppermint Sugar Free", "cnid": "16620202043403", "productId": "179460", "size": "14 ct pkg"},
{"thumb": "http://i4.peapod.com/c/KK/KKNHZ.gif", "price": "129", "unit_price": "$.09/ ea", "name": "Wrigley's Orbit Gum Spearmint Sugar Free Single Pack", "cnid": "16620202043403", "productId": "131955", "size": "14 ct pkg"},
{"thumb": "http://i4.peapod.com/c/KK/KKNHZ.gif", "price": "129", "unit_price": "$.09/ ea", "name": "Wrigley's Orbit Gum Wintermint Sugar Free Single Pack", "cnid": "16620202043403", "productId": "145106", "size": "14 ct pkg"},
{"thumb": "http://i4.peapod.com/c/KK/KKNHZ.gif", "price": "399", "unit_price": "$.09/ ea", "name": "Wrigley's Orbit Mist Gum Peppermint Spray Sugar Free - 3 pk", "cnid": "16620202043403", "productId": "175045", "size": "42 ct pkg"},
{"thumb": "http://i4.peapod.com/c/KK/KKNHZ.gif", "price": "210", "unit_price": "$.17/ oz", "name": "York Peppermint Patties", "cnid": "16620202043403", "productId": "3205", "size": "12 oz bag"},
{"thumb": "http://i4.peapod.com/c/KK/KKNHZ.gif", "price": "599", "unit_price": "$.30/ oz", "name": "York Peppermint Patties Mini Big Bag", "cnid": "16620202043403", "productId": "131164", "size": "19.7 oz bag"},
{"thumb": "http://i4.peapod.com/c/KK/KKNHZ.gif", "price": "333", "unit_price": "$.32/ oz", "name": "York Peppermint Pieces Candy Pouch", "cnid": "16620202043403", "productId": "157507", "size": "10.5 oz bag"},
{"thumb": "http://i4.peapod.com/c/KK/KKNHZ.gif", "price": "399", "unit_price": "$.50/ oz", "name": "Cedar's Grapeleaves Stuffed with Rice All Natural", "cnid": "321", "productId": "184365", "size": "8 oz tub"},
{"thumb": "http://i4.peapod.com/c/KK/KKNHZ.gif", "price": "399", "unit_price": "$1.53/ oz", "name": "Dream Whip Whipped Topping Mix - 2 ct", "cnid": "321", "productId": "6014", "size": "2.6 oz box"},
{"thumb": "http://i4.peapod.com/c/KK/KKNHZ.gif", "price": "229", "unit_price": "$.04/ ea", "name": "IF YOU CARE Baking Cups Large 100% Unbleached", "cnid": "321", "productId": "151682", "size": "60 ct pkg"},
{"thumb": "http://i4.peapod.com/c/KK/KKNHZ.gif", "price": "599", "unit_price": "$8.56/ 100sf", "name": "IF YOU CARE Parchment Baking Paper Chlorine-Free Unbleached 13 Inch Wide", "cnid": "321", "productId": "137294", "size": "70 sq ft"},
{"thumb": "http://i4.peapod.com/c/KK/KKNHZ.gif", "price": "219", "unit_price": "$2.19/ oz", "name": "Knox Gelatin Original Unflavored - 4 pk", "cnid": "321", "productId": "4194", "size": "1 oz box"},
{"thumb": "http://i4.peapod.com/c/KK/KKNHZ.gif", "price": "499", "unit_price": "$.42/ oz", "name": "Kretschmer Wheat Germ Toasted Original", "cnid": "321", "productId": "73553", "size": "12 oz jar"},
{"thumb": "http://i4.peapod.com/c/KK/KKNHZ.gif", "price": "199", "unit_price": "$.06/ ea", "name": "Reynolds Baking Cups Foil Large 2.5 Inch", "cnid": "321", "productId": "124227", "size": "32 ct pkg"},
{"thumb": "http://i4.peapod.com/c/KK/KKNHZ.gif", "price": "139", "unit_price": "$.04/ ea", "name": "Reynolds Baking Cups Paper Party Size 2.5 Inch Patterns Rotate Seasonally", "cnid": "321", "productId": "160901", "size": "36 ct pkg"},
{"thumb": "http://i4.peapod.com/c/KK/KKNHZ.gif", "price": "129", "unit_price": "$.04/ ea", "name": "Reynolds Baking Cups Paper Pastels 2.5 Inch", "cnid": "321", "productId": "237", "size": "36 ct pkg"},
{"thumb": "http://i4.peapod.com/c/KK/KKNHZ.gif", "price": "369", "unit_price": "$12.30/ 100sf", "name": "Reynolds Parchment Cooking Paper 15 Inch Wide", "cnid": "321", "productId": "112779", "size": "30 sq ft"},
{"thumb": "http://i4.peapod.com/c/KK/KKNHZ.gif", "price": "599", "unit_price": "$.75/ oz", "name": "Solo Pure Almond Paste", "cnid": "321", "productId": "5654", "size": "8 oz can"},
{"thumb": "http://i4.peapod.com/c/KK/KKNHZ.gif", "price": "33", "unit_price": "$1.07/ oz", "name": "Hodgson Mill Active Dry Yeast Fast-Rise All Natural", "cnid": "363", "productId": "163570", "size": ".31 oz pkg"},
{"thumb": "http://i4.peapod.com/c/KK/KKNHZ.gif", "price": "599", "unit_price": "$1.50/ oz", "name": "Red Star Yeast Active Dry", "cnid": "363", "productId": "15897", "size": "4 oz jar"},
{"thumb": "http://i4.peapod.com/c/KK/KKNHZ.gif", "price": "150", "unit_price": "$2.00/ oz", "name": "Red Star Yeast Active Dry - 3 pk", "cnid": "363", "productId": "3252", "size": ".75 oz pkg"},
{"thumb": "http://i4.peapod.com/c/KK/KKNHZ.gif", "price": "799", "unit_price": "$2.00/ oz", "name": "Red Star Yeast Quick Rise for Bread Machines & Traditional Baking", "cnid": "363", "productId": "157673", "size": "4 oz jar"},
{"thumb": "http://i4.peapod.com/c/KK/KKNHZ.gif", "price": "150", "unit_price": "$2.00/ oz", "name": "Red Star Yeast Quick Rise for Bread Machines & Traditional Baking - 3 pk", "cnid": "363", "productId": "161164", "size": ".75 oz pkg"},
{"thumb": "http://i4.peapod.com/c/KK/KKNHZ.gif", "price": "569", "unit_price": "$.36/ oz", "name": "Billy Bee Pure U.S. Grade A Canadian Clover Honey", "cnid": "352", "productId": "67419", "size": "16 oz btl"},
{"thumb": "http://i4.peapod.com/c/KK/KKNHZ.gif", "price": "139", "unit_price": "$.10/ oz", "name": "Domino Brownulated Sugar Brown Light Pure Cane Granulated", "cnid": "352", "productId": "6869", "size": "14 oz box"},
{"thumb": "http://i4.peapod.com/c/KK/KKNHZ.gif", "price": "139", "unit_price": "$.09/ oz", "name": "Domino Sugar Brown Dark Pure Cane", "cnid": "352", "productId": "6867", "size": "1 lb box"},
{"thumb": "http://i4.peapod.com/c/KK/KKNHZ.gif", "price": "279", "unit_price": "$.09/ oz", "name": "Domino Sugar Brown Light Premium Pure Cane", "cnid": "352", "productId": "35725", "size": "2 lb bag"},
{"thumb": "http://i4.peapod.com/c/KK/KKNHZ.gif", "price": "139", "unit_price": "$.09/ oz", "name": "Domino Sugar Brown Light Pure Cane", "cnid": "352", "productId": "6868", "size": "1 lb box"},
{"thumb": "http://i4.peapod.com/c/KK/KKNHZ.gif", "price": "279", "unit_price": "$.09/ oz", "name": "Domino Sugar Confectioners 10X Powdered", "cnid": "352", "productId": "35727", "size": "2 lb bag"},
{"thumb": "http://i4.peapod.com/c/KK/KKNHZ.gif", "price": "139", "unit_price": "$.09/ oz", "name": "Domino Sugar Confectioners 10X Powdered Pure Cane", "cnid": "352", "productId": "6866", "size": "1 lb box"},
{"thumb": "http://i4.peapod.com/c/KK/KKNHZ.gif", "price": "219", "unit_price": "$.14/ oz", "name": "Domino Sugar Dots Pure Cane Cubes", "cnid": "352", "productId": "6860", "size": "1 lb box"},
{"thumb": "http://i4.peapod.com/c/KK/KKNHZ.gif", "price": "399", "unit_price": "$.06/ oz", "name": "Domino Sugar Premium Pure Cane Granulated", "cnid": "352", "productId": "137129", "size": "4 lb can"},
{"thumb": "http://i4.peapod.com/c/KK/KKNHZ.gif", "price": "349", "unit_price": "$.05/ oz", "name": "Domino Sugar Pure Cane Granulated", "cnid": "352", "productId": "128848", "size": "4 lb bag"},
{"thumb": "http://i4.peapod.com/c/KK/KKNHZ.gif", "price": "499", "unit_price": "$.71/ oz", "name": "Equal Sweetener 0 Calories Packets - 200 ct", "cnid": "352", "productId": "10096", "size": "7 oz pkg"},
{"thumb": "http://i4.peapod.com/c/KK/KKNHZ.gif", "price": "799", "unit_price": "$.33/ oz", "name": "Golden Blossom U.S. Grade A Pure Honey Genuine Natural", "cnid": "352", "productId": "36394", "size": "24 oz btl"},
{"thumb": "http://i4.peapod.com/c/KK/KKNHZ.gif", "price": "379", "unit_price": "$.32/ oz", "name": "Grandma's Molasses Original Unsulphured All Natural", "cnid": "352", "productId": "887", "size": "12 oz jar"},
{"thumb": "http://i4.peapod.com/c/KK/KKNHZ.gif", "price": "349", "unit_price": "$.22/ oz", "name": "Karo Corn Syrup Dark", "cnid": "352", "productId": "6727", "size": "16 oz btl"},
{"thumb": "http://i4.peapod.com/c/KK/KKNHZ.gif", "price": "349", "unit_price": "$.22/ oz", "name": "Karo Corn Syrup Light", "cnid": "352", "productId": "6728", "size": "16 oz btl"},
{"thumb": "http://i4.peapod.com/c/KK/KKNHZ.gif", "price": "499", "unit_price": "$.43/ oz", "name": "Madhava Agave Nectar Amber 100% Pure Blue Agave Sweetener", "cnid": "352", "productId": "142500", "size": "11.7 oz sqz"},
{"thumb": "http://i4.peapod.com/c/KK/KKNHZ.gif", "price": "399", "unit_price": "$.34/ oz", "name": "Madhava Agave Nectar Maple 100% Natural Sweetener Organic", "cnid": "352", "productId": "162002", "size": "11.7 oz sqz"},
{"thumb": "http://i4.peapod.com/c/KK/KKNHZ.gif", "price": "469", "unit_price": "$.02/ ea", "name": "NatraTaste Zero Calorie Sweetener Packets - 250 ct", "cnid": "352", "productId": "161267", "size": "8.82 oz box"},
{"thumb": "http://i4.peapod.com/c/KK/KKNHZ.gif", "price": "449", "unit_price": "$.37/ oz", "name": "Nature's Promise Organics U.S. Grade A Golden Honey", "cnid": "352", "productId": "151972", "size": "12 oz jar"},
{"thumb": "http://i4.peapod.com/c/KK/KKNHZ.gif", "price": "729", "unit_price": "$1.24/ oz", "name": "Nectresse Sweetener Made From Monk Fruit No Calorie Natural", "cnid": "352", "productId": "189958", "size": "5.9 oz can"},
{"thumb": "http://i4.peapod.com/c/KK/KKNHZ.gif", "price": "399", "unit_price": "$.10/ ea", "name": "Nectresse Sweetener Made From Monk Fruit No Calorie Natural - 40 ct", "cnid": "352", "productId": "189957", "size": "3.3 oz box"},
{"thumb": "http://i4.peapod.com/c/KK/KKNHZ.gif", "price": "559", "unit_price": "$2.00/ oz", "name": "Splenda Essentials No Calorie Sweetener with B Vitamins - 80 ct", "cnid": "352", "productId": "172018", "size": "2.8 oz box"},
{"thumb": "http://i4.peapod.com/c/KK/KKNHZ.gif", "price": "899", "unit_price": "$.93/ oz", "name": "Splenda No Calorie Sweetener Granulated", "cnid": "352", "productId": "141807", "size": "9.7 oz pkg"},
{"thumb": "http://i4.peapod.com/c/KK/KKNHZ.gif", "price": "549", "unit_price": "$1.57/ oz", "name": "Splenda No Calorie Sweetener Packets - 100 ct", "cnid": "352", "productId": "123937", "size": "3.5 oz box"},
{"thumb": "http://i4.peapod.com/c/KK/KKNHZ.gif", "price": "949", "unit_price": "$1.36/ oz", "name": "Splenda No Calorie Sweetener Packets - 200 ct", "cnid": "352", "productId": "128358", "size": "7 oz box"},
{"thumb": "http://i4.peapod.com/c/KK/KKNHZ.gif", "price": "319", "unit_price": "$1.82/ oz", "name": "Splenda No Calorie Sweetener Packets - 50 ct", "cnid": "352", "productId": "123355", "size": "1.75 oz box"},
{"thumb": "http://i4.peapod.com/c/KK/KKNHZ.gif", "price": "599", "unit_price": "$.37/ oz", "name": "Splenda Sugar Blend Brown", "cnid": "352", "productId": "139218", "size": "16 oz pkg"},
{"thumb": "http://i4.peapod.com/c/KK/KKNHZ.gif", "price": "359", "unit_price": "$2.05/ oz", "name": "Stevia Extract In The Raw Zero Calorie Sweetener Packets Natural - 50 ct", "cnid": "352", "productId": "160902", "size": "1.75 oz box"},
{"thumb": "http://i4.peapod.com/c/KK/KKNHZ.gif", "price": "799", "unit_price": "$.20/ oz", "name": "Stop & Shop Grade A Pure Clover Honey", "cnid": "352", "productId": "57584", "size": "40 oz sqz"},
{"thumb": "http://i4.peapod.com/c/KK/KKNHZ.gif", "price": "299", "unit_price": "$.25/ oz", "name": "Stop & Shop Grade A Pure Clover Honey (Bear)", "cnid": "352", "productId": "57586", "size": "12 oz sqz"},
{"thumb": "http://i4.peapod.com/c/KK/KKNHZ.gif", "price": "219", "unit_price": "$.07/ oz", "name": "Stop & Shop Sugar Confectioners 10X Powdered", "cnid": "352", "productId": "88401", "size": "32 oz bag"},
{"thumb": "http://i4.peapod.com/c/KK/KKNHZ.gif", "price": "219", "unit_price": "$.07/ oz", "name": "Stop & Shop Sugar Dark Brown", "cnid": "352", "productId": "88404", "size": "32 oz bag"},
{"thumb": "http://i4.peapod.com/c/KK/KKNHZ.gif", "price": "219", "unit_price": "$.07/ oz", "name": "Stop & Shop Sugar Light Brown", "cnid": "352", "productId": "88403", "size": "32 oz bag"},
{"thumb": "http://i4.peapod.com/c/KK/KKNHZ.gif", "price": "219", "unit_price": "$.07/ oz", "name": "Stop & Shop Sugar Pure Cane Granulated", "cnid": "352", "productId": "57518", "size": "2 lb pkg"},
{"thumb": "http://i4.peapod.com/c/KK/KKNHZ.gif", "price": "229", "unit_price": "$.04/ oz", "name": "Stop & Shop Sugar Pure Cane Granulated", "cnid": "352", "productId": "57517", "size": "4 lb bag"},
{"thumb": "http://i4.peapod.com/c/KK/KKNHZ.gif", "price": "459", "unit_price": "$.14/ oz", "name": "Sugar In The Raw Sugar Turbinado Cane Natural", "cnid": "352", "productId": "30023", "size": "2 lb box"},
{"thumb": "http://i4.peapod.com/c/KK/KKNHZ.gif", "price": "99", "unit_price": "$.25/ oz", "name": "Sugar In The Raw Sugar Turbinado Cane Natural - 25 ct", "cnid": "352", "productId": "167585", "size": "4 oz box"},
{"thumb": "http://i4.peapod.com/c/KK/KKNHZ.gif", "price": "519", "unit_price": "$.59/ oz", "name": "Sweet 'N Low Sugar Substitute Granulated Packets - 250 ct", "cnid": "352", "productId": "6404", "size": "8.75 oz pkg"},
{"thumb": "http://i4.peapod.com/c/KK/KKNHZ.gif", "price": "259", "unit_price": "$.74/ oz", "name": "Sweet 'N Low Zero Calorie Sweetener Packets - 100 ct", "cnid": "352", "productId": "6402", "size": "3.5 oz pkg"},
{"thumb": "http://i4.peapod.com/c/KK/KKNHZ.gif", "price": "349", "unit_price": "$1.03/ oz", "name": "Truvia Nature's Calorie Free Sweetener Packets - 40 ct", "cnid": "352", "productId": "153621", "size": "3.4 oz box"},
{"thumb": "http://i4.peapod.com/c/KK/KKNHZ.gif", "price": "699", "unit_price": "$.71/ oz", "name": "Truvia Nature's Calorie Free Sweetener Spoonable", "cnid": "352", "productId": "159821", "size": "9.8 oz jar"},
{"thumb": "http://i4.peapod.com/c/KK/KKNHZ.gif", "price": "250", "unit_price": "$.18/ oz", "name": "Stop & Shop Coconut Tender Flake Sweetened", "cnid": "3003", "productId": "57540", "size": "14 oz bag"},
{"thumb": "http://i4.peapod.com/c/KK/KKNHZ.gif", "price": "139", "unit_price": "$1.26/ oz", "name": "Better Bowls Instant Pudding Chocolate Gluten & Sugar Free w/Splenda", "cnid": "346", "productId": "187486", "size": "1.1 oz pkg"},
{"thumb": "http://i4.peapod.com/c/KK/KKNHZ.gif", "price": "139", "unit_price": "$1.54/ oz", "name": "Better Bowls Instant Pudding Vanilla Gluten & Sugar Free w/Splenda", "cnid": "346", "productId": "187487", "size": "0.9 oz pkg"},
{"thumb": "http://i4.peapod.com/c/KK/KKNHZ.gif", "price": "80", "unit_price": "$.62/ oz", "name": "Jell-O Cook & Serve Pudding & Pie Filling Chocolate Fat Free Sugar Free", "cnid": "346", "productId": "5986", "size": "1.3 oz box"},
{"thumb": "http://i4.peapod.com/c/KK/KKNHZ.gif", "price": "80", "unit_price": "$.23/ oz", "name": "Jell-O Cook & Serve Pudding & Pie Filling Chocolate Fudge", "cnid": "346", "productId": "5984", "size": "3.4 oz box"},
{"thumb": "http://i4.peapod.com/c/KK/KKNHZ.gif", "price": "80", "unit_price": "$.27/ oz", "name": "Jell-O Cook & Serve Pudding & Pie Filling Vanilla", "cnid": "346", "productId": "13931", "size": "3 oz box"},
{"thumb": "http://i4.peapod.com/c/KK/KKNHZ.gif", "price": "80", "unit_price": "$.27/ oz", "name": "Jell-O Gelatin Dessert Berry Blue", "cnid": "346", "productId": "14210", "size": "3 oz box"},
{"thumb": "http://i4.peapod.com/c/KK/KKNHZ.gif", "price": "80", "unit_price": "$.27/ oz", "name": "Jell-O Gelatin Dessert Cherry", "cnid": "346", "productId": "5944", "size": "3 oz box"},
{"thumb": "http://i4.peapod.com/c/KK/KKNHZ.gif", "price": "80", "unit_price": "$2.67/ oz", "name": "Jell-O Gelatin Dessert Cherry Sugar Free", "cnid": "346", "productId": "13914", "size": ".3 oz box"},
{"thumb": "http://i4.peapod.com/c/KK/KKNHZ.gif", "price": "80", "unit_price": "$.27/ oz", "name": "Jell-O Gelatin Dessert Lemon", "cnid": "346", "productId": "5946", "size": "3 oz box"},
{"thumb": "http://i4.peapod.com/c/KK/KKNHZ.gif", "price": "80", "unit_price": "$2.67/ oz", "name": "Jell-O Gelatin Dessert Lemon Sugar Free", "cnid": "346", "productId": "13916", "size": ".3 oz box"},
{"thumb": "http://i4.peapod.com/c/KK/KKNHZ.gif", "price": "80", "unit_price": "$.27/ oz", "name": "Jell-O Gelatin Dessert Lime", "cnid": "346", "productId": "5947", "size": "3 oz box"},
{"thumb": "http://i4.peapod.com/c/KK/KKNHZ.gif", "price": "80", "unit_price": "$2.67/ oz", "name": "Jell-O Gelatin Dessert Lime Sugar Free", "cnid": "346", "productId": "5964", "size": ".3 oz box"},
{"thumb": "http://i4.peapod.com/c/KK/KKNHZ.gif", "price": "80", "unit_price": "$.27/ oz", "name": "Jell-O Gelatin Dessert Orange", "cnid": "346", "productId": "5945", "size": "3 oz box"},
{"thumb": "http://i4.peapod.com/c/KK/KKNHZ.gif", "price": "80", "unit_price": "$2.67/ oz", "name": "Jell-O Gelatin Dessert Orange Sugar Free", "cnid": "346", "productId": "5963", "size": ".3 oz box"},
{"thumb": "http://i4.peapod.com/c/KK/KKNHZ.gif", "price": "80", "unit_price": "$.27/ oz", "name": "Jell-O Gelatin Dessert Raspberry", "cnid": "346", "productId": "5943", "size": "3 oz box"},
{"thumb": "http://i4.peapod.com/c/KK/KKNHZ.gif", "price": "80", "unit_price": "$2.67/ oz", "name": "Jell-O Gelatin Dessert Raspberry Sugar Free", "cnid": "346", "productId": "5962", "size": ".3 oz box"},
{"thumb": "http://i4.peapod.com/c/KK/KKNHZ.gif", "price": "80", "unit_price": "$.27/ oz", "name": "Jell-O Gelatin Dessert Strawberry", "cnid": "346", "productId": "5942", "size": "3 oz box"},
{"thumb": "http://i4.peapod.com/c/KK/KKNHZ.gif", "price": "80", "unit_price": "$2.67/ oz", "name": "Jell-O Gelatin Dessert Strawberry Sugar Free", "cnid": "346", "productId": "5961", "size": ".3 oz box"},
{"thumb": "http://i4.peapod.com/c/KK/KKNHZ.gif", "price": "80", "unit_price": "$.80/ oz", "name": "Jell-O Instant Pudding & Pie Filling Butterscotch Fat Free Sugar Free", "cnid": "346", "productId": "5980", "size": "1 oz box"},
{"thumb": "http://i4.peapod.com/c/KK/KKNHZ.gif", "price": "80", "unit_price": "$.20/ oz", "name": "Jell-O Instant Pudding & Pie Filling Chocolate", "cnid": "346", "productId": "5969", "size": "3.9 oz box"},
{"thumb": "http://i4.peapod.com/c/KK/KKNHZ.gif", "price": "179", "unit_price": "$.85/ oz", "name": "Jell-O Instant Pudding & Pie Filling Chocolate Fat Free Sugar Free", "cnid": "346", "productId": "5983", "size": "2.1 oz box"},
{"thumb": "http://i4.peapod.com/c/KK/KKNHZ.gif", "price": "80", "unit_price": "$.57/ oz", "name": "Jell-O Instant Pudding & Pie Filling Chocolate Fat Free Sugar Free", "cnid": "346", "productId": "5978", "size": "1.4 oz box"},
{"thumb": "http://i4.peapod.com/c/KK/KKNHZ.gif", "price": "80", "unit_price": "$.20/ oz", "name": "Jell-O Instant Pudding & Pie Filling Chocolate Fudge", "cnid": "346", "productId": "5975", "size": "3.9 oz box"},
{"thumb": "http://i4.peapod.com/c/KK/KKNHZ.gif", "price": "80", "unit_price": "$.57/ oz", "name": "Jell-O Instant Pudding & Pie Filling Chocolate Fudge Fat Free Sugar Free", "cnid": "346", "productId": "5982", "size": "1.4 oz box"},
{"thumb": "http://i4.peapod.com/c/KK/KKNHZ.gif", "price": "80", "unit_price": "$.23/ oz", "name": "Jell-O Instant Pudding & Pie Filling Lemon", "cnid": "346", "productId": "5972", "size": "3.4 oz box"},
{"thumb": "http://i4.peapod.com/c/KK/KKNHZ.gif", "price": "80", "unit_price": "$.23/ oz", "name": "Jell-O Instant Pudding & Pie Filling Vanilla", "cnid": "346", "productId": "5970", "size": "3.4 oz box"},
{"thumb": "http://i4.peapod.com/c/KK/KKNHZ.gif", "price": "179", "unit_price": "$.35/ oz", "name": "Jell-O Instant Pudding & Pie Filling Vanilla", "cnid": "346", "productId": "5977", "size": "5.1 oz box"},
{"thumb": "http://i4.peapod.com/c/KK/KKNHZ.gif", "price": "80", "unit_price": "$.80/ oz", "name": "Jell-O Instant Pudding & Pie Filling Vanilla Fat Free Sugar Free", "cnid": "346", "productId": "5979", "size": "1 oz box"},
{"thumb": "http://i4.peapod.com/c/KK/KKNHZ.gif", "price": "479", "unit_price": "$.60/ oz", "name": "Kraft Minute Tapioca Pudding", "cnid": "346", "productId": "6000", "size": "8 oz box"},
{"thumb": "http://i4.peapod.com/c/KK/KKNHZ.gif", "price": "349", "unit_price": "$.22/ oz", "name": "Athens Fillo Dough Twin Pack - apx 20 sheets per pack", "cnid": "341", "productId": "133036", "size": "16 oz pkg"},
{"thumb": "http://i4.peapod.com/c/KK/KKNHZ.gif", "price": "289", "unit_price": "$.32/ oz", "name": "Keebler Ready Crust Pie Crust Graham Cracker 10 Inch", "cnid": "341", "productId": "9455", "size": "9 oz pan"},
{"thumb": "http://i4.peapod.com/c/KK/KKNHZ.gif", "price": "439", "unit_price": "$.27/ oz", "name": "Marie Callender's Pie Crusts Deep Dish 9 Inch - 2 ct Frozen", "cnid": "341", "productId": "191706", "size": "16 oz pkg"},
{"thumb": "http://i4.peapod.com/c/KK/KKNHZ.gif", "price": "349", "unit_price": "$.26/ oz", "name": "Nabisco Honey Maid Crumbs Graham Cracker", "cnid": "341", "productId": "6182", "size": "13.5 oz box"},
{"thumb": "http://i4.peapod.com/c/KK/KKNHZ.gif", "price": "279", "unit_price": "$.47/ oz", "name": "Nabisco Honey Maid Pie Crust Graham Cracker 9 Inch", "cnid": "341", "productId": "79674", "size": "6 oz pan"},
{"thumb": "http://i4.peapod.com/c/KK/KKNHZ.gif", "price": "279", "unit_price": "$.47/ oz", "name": "Nabisco Oreo Pie Crust 9 Inch", "cnid": "341", "productId": "20514", "size": "6 oz pan"},
{"thumb": "http://i4.peapod.com/c/KK/KKNHZ.gif", "price": "299", "unit_price": "$2.99/ ea", "name": "Nasoya Wrappers Large Square for Egg Rolls & Dumplings", "cnid": "341", "productId": "9072", "size": "16 oz pkg"},
{"thumb": "http://i4.peapod.com/c/KK/KKNHZ.gif", "price": "299", "unit_price": "$2.99/ ea", "name": "Nasoya Wrappers Small Square for Wontons & Ravioli", "cnid": "341", "productId": "142951", "size": "12 oz pkg"},
{"thumb": "http://i4.peapod.com/c/KK/KKNHZ.gif", "price": "250", "unit_price": "$.16/ oz", "name": "Stop & Shop Pie Crusts Deep Dish 9 Inch - 2 ct Frozen", "cnid": "341", "productId": "191705", "size": "16 oz pkg"},
{"thumb": "http://i4.peapod.com/c/KK/KKNHZ.gif", "price": "250", "unit_price": "$.17/ oz", "name": "Stop & Shop Pie Crust Shells 9 Inch - 2 ct Frozen", "cnid": "341", "productId": "163071", "size": "15 oz pkg"},
{"thumb": "http://i4.peapod.com/c/KK/KKNHZ.gif", "price": "279", "unit_price": "$.13/ oz", "name": "Comstock More Fruit Pie Filling & Topping Apple", "cnid": "340", "productId": "88389", "size": "21 oz can"},
{"thumb": "http://i4.peapod.com/c/KK/KKNHZ.gif", "price": "519", "unit_price": "$.25/ oz", "name": "Comstock MoreFruit Pie Filling or Topping Blueberry", "cnid": "340", "productId": "19313", "size": "21 oz can"},
{"thumb": "http://i4.peapod.com/c/KK/KKNHZ.gif", "price": "299", "unit_price": "$.15/ oz", "name": "Comstock Pie Filling & Topping Cherry Original Lite", "cnid": "340", "productId": "19310", "size": "20 oz can"},
{"thumb": "http://i4.peapod.com/c/KK/KKNHZ.gif", "price": "299", "unit_price": "$.14/ oz", "name": "Comstock Pie Filling or Topping Country Cherry Original", "cnid": "340", "productId": "19309", "size": "21 oz can"},
{"thumb": "http://i4.peapod.com/c/KK/KKNHZ.gif", "price": "349", "unit_price": "$.12/ oz", "name": "Libby's Pumpkin Pie Mix Easy", "cnid": "340", "productId": "3997", "size": "30 oz can"},
{"thumb": "http://i4.peapod.com/c/KK/KKNHZ.gif", "price": "199", "unit_price": "$.13/ oz", "name": "One-Pie Pie Filling Pumpkin", "cnid": "340", "productId": "36657", "size": "15 oz can"},
{"thumb": "http://i4.peapod.com/c/KK/KKNHZ.gif", "price": "125", "unit_price": "$.12/ oz", "name": "Kraft Jet-Puffed Marshmallows", "cnid": "3002", "productId": "1869", "size": "10 oz bag"},
{"thumb": "http://i4.peapod.com/c/KK/KKNHZ.gif", "price": "229", "unit_price": "$.14/ oz", "name": "Marshmallow Fluff", "cnid": "3002", "productId": "70494", "size": "16 oz tub"},
{"thumb": "http://i4.peapod.com/c/KK/KKNHZ.gif", "price": "299", "unit_price": "$.24/ oz", "name": "Smucker's Topping Marshmallow Fat Free", "cnid": "3002", "productId": "13845", "size": "12.2 oz jar"},
{"thumb": "http://i4.peapod.com/c/KK/KKNHZ.gif", "price": "100", "unit_price": "$.10/ oz", "name": "Stop & Shop Marshmallows", "cnid": "3002", "productId": "57638", "size": "10 oz bag"},
{"thumb": "http://i4.peapod.com/c/KK/KKNHZ.gif", "price": "100", "unit_price": "$.10/ oz", "name": "Stop & Shop Marshmallows Mini", "cnid": "3002", "productId": "58103", "size": "10 oz bag"},
{"thumb": "http://i4.peapod.com/c/KK/KKNHZ.gif", "price": "229", "unit_price": "$.09/ oz", "name": "4C Bread Crumbs Plain", "cnid": "243", "productId": "71863", "size": "24 oz can"},
{"thumb": "http://i4.peapod.com/c/KK/KKNHZ.gif", "price": "173", "unit_price": "$.22/ oz", "name": "4C Bread Crumbs Plain Panko Japanese Style", "cnid": "243", "productId": "164293", "size": "8 oz can"},
{"thumb": "http://i4.peapod.com/c/KK/KKNHZ.gif", "price": "229", "unit_price": "$.09/ oz", "name": "4C Bread Crumbs Seasoned", "cnid": "243", "productId": "36886", "size": "24 oz can"},
{"thumb": "http://i4.peapod.com/c/KK/KKNHZ.gif", "price": "173", "unit_price": "$.12/ oz", "name": "4C Bread Crumbs Seasoned", "cnid": "243", "productId": "36885", "size": "15 oz can"},
{"thumb": "http://i4.peapod.com/c/KK/KKNHZ.gif", "price": "173", "unit_price": "$.13/ oz", "name": "4C Bread Crumbs Seasoned 100% Whole Wheat", "cnid": "243", "productId": "161258", "size": "13 oz can"},
{"thumb": "http://i4.peapod.com/c/KK/KKNHZ.gif", "price": "449", "unit_price": "$.45/ oz", "name": "Aurora Ginger Crystallized Slices All Natural", "cnid": "243", "productId": "139668", "size": "10 oz tub"},
{"thumb": "http://i4.peapod.com/c/KK/KKNHZ.gif", "price": "559", "unit_price": "$13.98/ oz", "name": "Badia Saffron Spanish Azafran", "cnid": "243", "productId": "157616", "size": ".4 oz pkg"},
{"thumb": "http://i4.peapod.com/c/KK/KKNHZ.gif", "price": "499", "unit_price": "$.19/ oz", "name": "Baleine Sea Salt Crystals Coarse", "cnid": "243", "productId": "143476", "size": "26.5 oz can"},
{"thumb": "http://i4.peapod.com/c/KK/KKNHZ.gif", "price": "499", "unit_price": "$.19/ oz", "name": "Baleine Sea Salt Crystals Fine", "cnid": "243", "productId": "65834", "size": "26.5 oz can"},
{"thumb": "http://i4.peapod.com/c/KK/KKNHZ.gif", "price": "219", "unit_price": "$2.19/ oz", "name": "Bell's Seasoning for Poultry Salt Free All Natural", "cnid": "243", "productId": "36693", "size": "1 oz box"},
{"thumb": "http://i4.peapod.com/c/KK/KKNHZ.gif", "price": "339", "unit_price": "$.85/ oz", "name": "Carroll Shelby's Chili Kit Mix All Natural", "cnid": "243", "productId": "8698", "size": "4 oz pkt"},
{"thumb": "http://i4.peapod.com/c/KK/KKNHZ.gif", "price": "99", "unit_price": "$.79/ oz", "name": "Concord Foods Seasoning Mix Roasted Potato", "cnid": "243", "productId": "163846", "size": "1.25 oz pkt"},
{"thumb": "http://i4.peapod.com/c/KK/KKNHZ.gif", "price": "219", "unit_price": "$.05/ oz", "name": "Diamond Crystal Kosher Salt", "cnid": "243", "productId": "24703", "size": "48 oz box"},
{"thumb": "http://i4.peapod.com/c/KK/KKNHZ.gif", "price": "99", "unit_price": "$.05/ oz", "name": "Diamond Crystal Salt Iodized", "cnid": "243", "productId": "36698", "size": "22 oz can"},
{"thumb": "http://i4.peapod.com/c/KK/KKNHZ.gif", "price": "139", "unit_price": "$.11/ oz", "name": "Diamond Crystal Salt Sense Iodized Salt 33% Less Sodium", "cnid": "243", "productId": "666", "size": "13 oz can"},
{"thumb": "http://i4.peapod.com/c/KK/KKNHZ.gif", "price": "499", "unit_price": "$1.78/ oz", "name": "Emeril's Essence Seasoning Original", "cnid": "243", "productId": "122270", "size": "2.8 oz btl"},
{"thumb": "http://i4.peapod.com/c/KK/KKNHZ.gif", "price": "169", "unit_price": "$.21/ oz", "name": "Goya Adobo All Purpose Seasoning with Pepper", "cnid": "243", "productId": "14360", "size": "8 oz btl"},
{"thumb": "http://i4.peapod.com/c/KK/KKNHZ.gif", "price": "125", "unit_price": "$.89/ oz", "name": "Goya Flavored Concentrate Ham", "cnid": "243", "productId": "161265", "size": "1.4 oz pkg"},
{"thumb": "http://i4.peapod.com/c/KK/KKNHZ.gif", "price": "249", "unit_price": "$.21/ oz", "name": "Goya Recaito Cilantro Cooking Base for Rice, Beans, Soups, Chili & Stews", "cnid": "243", "productId": "42861", "size": "12 oz jar"},
{"thumb": "http://i4.peapod.com/c/KK/KKNHZ.gif", "price": "269", "unit_price": "$.76/ oz", "name": "Goya Seasoning Mix Sazon Coriander & Annotto Econo Pack", "cnid": "243", "productId": "14352", "size": "3.52 oz box"},
{"thumb": "http://i4.peapod.com/c/KK/KKNHZ.gif", "price": "429", "unit_price": "$.68/ oz", "name": "Goya Seasoning Mix Sazon Coriander & Annotto Jumbo Pack", "cnid": "243", "productId": "157617", "size": "6.3 oz box"},
{"thumb": "http://i4.peapod.com/c/KK/KKNHZ.gif", "price": "119", "unit_price": "$.84/ oz", "name": "Goya Seasoning Sazon Coriander & Annotto - 8 ct", "cnid": "243", "productId": "14354", "size": "1.41 oz box"},
{"thumb": "http://i4.peapod.com/c/KK/KKNHZ.gif", "price": "229", "unit_price": "$.09/ oz", "name": "Hain Pure Foods Sea Salt Iodized Natural", "cnid": "243", "productId": "22501", "size": "26 oz can"},
{"thumb": "http://i4.peapod.com/c/KK/KKNHZ.gif", "price": "469", "unit_price": "$.52/ oz", "name": "Ian's Bread Crumbs Original Style Panko All Natural", "cnid": "243", "productId": "146038", "size": "9 oz bag"},
{"thumb": "http://i4.peapod.com/c/KK/KKNHZ.gif", "price": "249", "unit_price": "$.62/ oz", "name": "Jane's Krazy Mixed-Up Seasoning Salt Original", "cnid": "243", "productId": "22724", "size": "4 oz can"},
{"thumb": "http://i4.peapod.com/c/KK/KKNHZ.gif", "price": "649", "unit_price": "$.81/ oz", "name": "JFC Sesame Seeds White Roasted", "cnid": "243", "productId": "157598", "size": "8 oz jar"},
{"thumb": "http://i4.peapod.com/c/KK/KKNHZ.gif", "price": "689", "unit_price": "$.46/ oz", "name": "Joyva Tahini Sesame Puree", "cnid": "243", "productId": "33907", "size": "15 oz can"},
{"thumb": "http://i4.peapod.com/c/KK/KKNHZ.gif", "price": "125", "unit_price": "$.96/ oz", "name": "Knorr Sauce Mix Parma Rosa", "cnid": "243", "productId": "12498", "size": "1.3 oz pkt"},
{"thumb": "http://i4.peapod.com/c/KK/KKNHZ.gif", "price": "299", "unit_price": "$.50/ oz", "name": "Kraft Fresh Take Cheese Bread Crumb Mix Rosemary & Garlic Refrigerated", "cnid": "243", "productId": "184141", "size": "6 oz pkg"},
{"thumb": "http://i4.peapod.com/c/KK/KKNHZ.gif", "price": "229", "unit_price": "$.55/ oz", "name": "Kraft Oven Fry Seasoned Coating Mix for Chicken Extra Crispy", "cnid": "243", "productId": "15274", "size": "4.2 oz box"},
{"thumb": "http://i4.peapod.com/c/KK/KKNHZ.gif", "price": "229", "unit_price": "$.55/ oz", "name": "Kraft Oven Fry Seasoned Coating Mix for Pork Extra Crispy", "cnid": "243", "productId": "15276", "size": "4.2 oz box"},
{"thumb": "http://i4.peapod.com/c/KK/KKNHZ.gif", "price": "229", "unit_price": "$.42/ oz", "name": "Kraft Shake'N Bake Coating Mix Original for Chicken", "cnid": "243", "productId": "5888", "size": "5.5 oz box"},
{"thumb": "http://i4.peapod.com/c/KK/KKNHZ.gif", "price": "479", "unit_price": "$.44/ oz", "name": "Kraft Shake'N Bake Coating Mix Original for Chicken - 4 ct", "cnid": "243", "productId": "30566", "size": "11 oz box"},
{"thumb": "http://i4.peapod.com/c/KK/KKNHZ.gif", "price": "479", "unit_price": "$.40/ oz", "name": "Kraft Shake'N Bake Coating Mix Original for Pork", "cnid": "243", "productId": "32689", "size": "12 oz box"},
{"thumb": "http://i4.peapod.com/c/KK/KKNHZ.gif", "price": "349", "unit_price": "$.44/ oz", "name": "Lawry's Seasoned Salt", "cnid": "243", "productId": "1905", "size": "8 oz btl"},
{"thumb": "http://i4.peapod.com/c/KK/KKNHZ.gif", "price": "499", "unit_price": "$5.54/ oz", "name": "McCormick Allspice Berries Ground", "cnid": "243", "productId": "33859", "size": ".9 oz btl"},
{"thumb": "http://i4.peapod.com/c/KK/KKNHZ.gif", "price": "239", "unit_price": "$1.91/ oz", "name": "McCormick Bag 'n Season Cooking Bag & Seasoning Mix Chicken Original", "cnid": "243", "productId": "7505", "size": "1.25 oz pkt"},
{"thumb": "http://i4.peapod.com/c/KK/KKNHZ.gif", "price": "239", "unit_price": "$2.95/ oz", "name": "McCormick Bag 'n Season Cooking Bag & Seasoning Mix Pot Roast", "cnid": "243", "productId": "12523", "size": ".81 oz pkt"},
{"thumb": "http://i4.peapod.com/c/KK/KKNHZ.gif", "price": "329", "unit_price": "$5.31/ oz", "name": "McCormick Basil Leaves", "cnid": "243", "productId": "78521", "size": ".62 oz btl"},
{"thumb": "http://i4.peapod.com/c/KK/KKNHZ.gif", "price": "459", "unit_price": "$38.25/ oz", "name": "McCormick Bay Leaves", "cnid": "243", "productId": "7500", "size": ".12 oz btl"},
{"thumb": "http://i4.peapod.com/c/KK/KKNHZ.gif", "price": "759", "unit_price": "$.87/ oz", "name": "McCormick Black Pepper Pure Ground", "cnid": "243", "productId": "81295", "size": "8.75 oz btl"},
{"thumb": "http://i4.peapod.com/c/KK/KKNHZ.gif", "price": "529", "unit_price": "$5.88/ oz", "name": "McCormick Caraway Seed", "cnid": "243", "productId": "33867", "size": ".9 oz btl"},
{"thumb": "http://i4.peapod.com/c/KK/KKNHZ.gif", "price": "649", "unit_price": "$1.62/ oz", "name": "McCormick Celery Salt", "cnid": "243", "productId": "33868", "size": "4 oz btl"},
{"thumb": "http://i4.peapod.com/c/KK/KKNHZ.gif", "price": "579", "unit_price": "$6.09/ oz", "name": "McCormick Celery Seed", "cnid": "243", "productId": "33869", "size": ".95 oz btl"},
{"thumb": "http://i4.peapod.com/c/KK/KKNHZ.gif", "price": "449", "unit_price": "$1.00/ oz", "name": "McCormick Chili Powder", "cnid": "243", "productId": "7521", "size": "4.5 oz btl"},
{"thumb": "http://i4.peapod.com/c/KK/KKNHZ.gif", "price": "399", "unit_price": "$1.60/ oz", "name": "McCormick Chili Powder", "cnid": "243", "productId": "123914", "size": "2.5 oz btl"},
{"thumb": "http://i4.peapod.com/c/KK/KKNHZ.gif", "price": "729", "unit_price": "$45.56/ oz", "name": "McCormick Chives Freeze-Dried", "cnid": "243", "productId": "33865", "size": ".16 oz btl"},
{"thumb": "http://i4.peapod.com/c/KK/KKNHZ.gif", "price": "659", "unit_price": "$.75/ oz", "name": "McCormick Cinnamon Ground", "cnid": "243", "productId": "74040", "size": "8.75 oz btl"},
{"thumb": "http://i4.peapod.com/c/KK/KKNHZ.gif", "price": "349", "unit_price": "$1.47/ oz", "name": "McCormick Cinnamon Ground", "cnid": "243", "productId": "7491", "size": "2.37 oz btl"},
{"thumb": "http://i4.peapod.com/c/KK/KKNHZ.gif", "price": "359", "unit_price": "$.99/ oz", "name": "McCormick Cinnamon Sugar", "cnid": "243", "productId": "78509", "size": "3.62 oz btl"},
{"thumb": "http://i4.peapod.com/c/KK/KKNHZ.gif", "price": "749", "unit_price": "$8.32/ oz", "name": "McCormick Cloves Ground", "cnid": "243", "productId": "7397", "size": ".9 oz btl"},
{"thumb": "http://i4.peapod.com/c/KK/KKNHZ.gif", "price": "749", "unit_price": "$12.08/ oz", "name": "McCormick Cloves Whole", "cnid": "243", "productId": "7398", "size": ".62 oz btl"},
{"thumb": "http://i4.peapod.com/c/KK/KKNHZ.gif", "price": "449", "unit_price": "$2.99/ oz", "name": "McCormick Cream of Tartar", "cnid": "243", "productId": "7399", "size": "1.5 oz btl"},
{"thumb": "http://i4.peapod.com/c/KK/KKNHZ.gif", "price": "529", "unit_price": "$5.88/ oz", "name": "McCormick Cumin Ground", "cnid": "243", "productId": "7400", "size": ".9 oz btl"},
{"thumb": "http://i4.peapod.com/c/KK/KKNHZ.gif", "price": "529", "unit_price": "$5.29/ oz", "name": "McCormick Curry Powder", "cnid": "243", "productId": "7401", "size": "1 oz btl"},
{"thumb": "http://i4.peapod.com/c/KK/KKNHZ.gif", "price": "599", "unit_price": "$19.97/ oz", "name": "McCormick Dill Weed", "cnid": "243", "productId": "15598", "size": ".3 oz btl"},
{"thumb": "http://i4.peapod.com/c/KK/KKNHZ.gif", "price": "529", "unit_price": "$6.22/ oz", "name": "McCormick Fennel Seed", "cnid": "243", "productId": "33873", "size": ".85 oz btl"},
{"thumb": "http://i4.peapod.com/c/KK/KKNHZ.gif", "price": "299", "unit_price": "$2.43/ oz", "name": "McCormick Garlic Pepper Seasoning Grinder", "cnid": "243", "productId": "135571", "size": "1.23 oz btl"},
{"thumb": "http://i4.peapod.com/c/KK/KKNHZ.gif", "price": "879", "unit_price": "$.72/ oz", "name": "McCormick Garlic Powder", "cnid": "243", "productId": "74037", "size": "12.2 oz btl"},
{"thumb": "http://i4.peapod.com/c/KK/KKNHZ.gif", "price": "579", "unit_price": "$1.08/ oz", "name": "McCormick Garlic Powder", "cnid": "243", "productId": "7525", "size": "5.37 oz btl"},
{"thumb": "http://i4.peapod.com/c/KK/KKNHZ.gif", "price": "399", "unit_price": "$1.33/ oz", "name": "McCormick Garlic Powder with Parsley California Style", "cnid": "243", "productId": "18457", "size": "3 oz btl"},
{"thumb": "http://i4.peapod.com/c/KK/KKNHZ.gif", "price": "499", "unit_price": "$6.24/ oz", "name": "McCormick Ginger Ground", "cnid": "243", "productId": "7402", "size": ".8 oz btl"},
{"thumb": "http://i4.peapod.com/c/KK/KKNHZ.gif", "price": "167", "unit_price": "$.17/ oz", "name": "McCormick Golden Dipt Seafood & Fish Fry Mix", "cnid": "243", "productId": "150577", "size": "10 oz box"},
{"thumb": "http://i4.peapod.com/c/KK/KKNHZ.gif", "price": "519", "unit_price": "$8.37/ oz", "name": "McCormick Gourmet Collection Blends Herbes de Provence All Natural", "cnid": "243", "productId": "21782", "size": ".62 oz btl"},
{"thumb": "http://i4.peapod.com/c/KK/KKNHZ.gif", "price": "479", "unit_price": "$2.74/ oz", "name": "McCormick Gourmet Collection Caraway Seed All Natural", "cnid": "243", "productId": "7443", "size": "1.75 oz btl"},
{"thumb": "http://i4.peapod.com/c/KK/KKNHZ.gif", "price": "479", "unit_price": "$2.56/ oz", "name": "McCormick Gourmet Collection Cinnamon Saigon Ground", "cnid": "243", "productId": "7416", "size": "1.87 oz btl"},
{"thumb": "http://i4.peapod.com/c/KK/KKNHZ.gif", "price": "679", "unit_price": "$9.05/ oz", "name": "McCormick Gourmet Collection Cinnamon Sticks", "cnid": "243", "productId": "7445", "size": ".75 oz btl"},
{"thumb": "http://i4.peapod.com/c/KK/KKNHZ.gif", "price": "479", "unit_price": "$3.83/ oz", "name": "McCormick Gourmet Collection Coriander Seed Ground", "cnid": "243", "productId": "104007", "size": "1.25 oz btl"},
{"thumb": "http://i4.peapod.com/c/KK/KKNHZ.gif", "price": "519", "unit_price": "$3.46/ oz", "name": "McCormick Gourmet Collection Cumin Ground", "cnid": "243", "productId": "7419", "size": "1.5 oz btl"},
{"thumb": "http://i4.peapod.com/c/KK/KKNHZ.gif", "price": "599", "unit_price": "$11.98/ oz", "name": "McCormick Gourmet Collection Dill Weed", "cnid": "243", "productId": "7481", "size": ".5 oz btl"},
{"thumb": "http://i4.peapod.com/c/KK/KKNHZ.gif", "price": "1599", "unit_price": "$63.96/ oz", "name": "McCormick Gourmet Collection Madagascar Vanilla Beans All Natural - 2 ct", "cnid": "243", "productId": "7485", "size": ".25 oz jar"},
{"thumb": "http://i4.peapod.com/c/KK/KKNHZ.gif", "price": "479", "unit_price": "$2.74/ oz", "name": "McCormick Gourmet Collection Mustard Ground All Natural", "cnid": "243", "productId": "7425", "size": "1.75 oz btl"},
{"thumb": "http://i4.peapod.com/c/KK/KKNHZ.gif", "price": "695", "unit_price": "$3.84/ oz", "name": "McCormick Gourmet Collection Nutmeg Ground", "cnid": "243", "productId": "7426", "size": "1.81 oz btl"},
{"thumb": "http://i4.peapod.com/c/KK/KKNHZ.gif", "price": "439", "unit_price": "$8.78/ oz", "name": "McCormick Gourmet Collection Oregano Leaves Mediterranean", "cnid": "243", "productId": "7454", "size": ".5 oz btl"},
{"thumb": "http://i4.peapod.com/c/KK/KKNHZ.gif", "price": "479", "unit_price": "$7.73/ oz", "name": "McCormick Gourmet Collection Rosemary Leaves All Natural", "cnid": "243", "productId": "7458", "size": ".62 oz btl"},
{"thumb": "http://i4.peapod.com/c/KK/KKNHZ.gif", "price": "1999", "unit_price": "$33.32/ oz", "name": "McCormick Gourmet Collection Saffron Spanish All Natural", "cnid": "243", "productId": "147385", "size": ".6 oz jar"},
{"thumb": "http://i4.peapod.com/c/KK/KKNHZ.gif", "price": "519", "unit_price": "$2.78/ oz", "name": "McCormick Gourmet Collection Sesame Seeds", "cnid": "243", "productId": "7460", "size": "1.87 oz btl"},
{"thumb": "http://i4.peapod.com/c/KK/KKNHZ.gif", "price": "519", "unit_price": "$14.03/ oz", "name": "McCormick Gourmet Collection Tarragon Leaves All Natural", "cnid": "243", "productId": "7461", "size": ".37 oz btl"},
{"thumb": "http://i4.peapod.com/c/KK/KKNHZ.gif", "price": "519", "unit_price": "$4.15/ oz", "name": "McCormick Gourmet Collection Thyme Ground", "cnid": "243", "productId": "7434", "size": "1.25 oz btl"},
{"thumb": "http://i4.peapod.com/c/KK/KKNHZ.gif", "price": "349", "unit_price": "$1.27/ oz", "name": "McCormick Grill Mates Seasoning Hamburger", "cnid": "243", "productId": "134696", "size": "2.75 oz btl"},
{"thumb": "http://i4.peapod.com/c/KK/KKNHZ.gif", "price": "349", "unit_price": "$1.27/ oz", "name": "McCormick Grill Mates Seasoning Montreal Chicken", "cnid": "243", "productId": "13572", "size": "2.75 oz btl"},
{"thumb": "http://i4.peapod.com/c/KK/KKNHZ.gif", "price": "349", "unit_price": "$1.27/ oz", "name": "McCormick Grill Mates Seasoning Montreal Chicken Roasted Garlic", "cnid": "243", "productId": "113199", "size": "2.75 oz btl"},
{"thumb": "http://i4.peapod.com/c/KK/KKNHZ.gif", "price": "349", "unit_price": "$1.03/ oz", "name": "McCormick Grill Mates Seasoning Montreal Steak", "cnid": "243", "productId": "13573", "size": "3.4 oz btl"},
{"thumb": "http://i4.peapod.com/c/KK/KKNHZ.gif", "price": "349", "unit_price": "$1.10/ oz", "name": "McCormick Grill Mates Seasoning Montreal Steak 25% Less Sodium", "cnid": "243", "productId": "161339", "size": "3.18 oz btl"},
{"thumb": "http://i4.peapod.com/c/KK/KKNHZ.gif", "price": "579", "unit_price": "$1.78/ oz", "name": "McCormick Italian Seasoning", "cnid": "243", "productId": "164973", "size": "3.25 oz jar"},
{"thumb": "http://i4.peapod.com/c/KK/KKNHZ.gif", "price": "399", "unit_price": "$19.95/ oz", "name": "McCormick Marjoram Leaves", "cnid": "243", "productId": "7456", "size": ".2 oz btl"},
{"thumb": "http://i4.peapod.com/c/KK/KKNHZ.gif", "price": "599", "unit_price": "$5.45/ oz", "name": "McCormick Nutmeg Ground", "cnid": "243", "productId": "7403", "size": "1.1 oz btl"},
{"thumb": "http://i4.peapod.com/c/KK/KKNHZ.gif", "price": "359", "unit_price": "$1.37/ oz", "name": "McCormick Onion Powder", "cnid": "243", "productId": "7497", "size": "2.62 oz btl"},
{"thumb": "http://i4.peapod.com/c/KK/KKNHZ.gif", "price": "579", "unit_price": "$1.29/ oz", "name": "McCormick Onion Powder", "cnid": "243", "productId": "33877", "size": "4.5 oz btl"},
{"thumb": "http://i4.peapod.com/c/KK/KKNHZ.gif", "price": "329", "unit_price": "$4.39/ oz", "name": "McCormick Oregano Leaves", "cnid": "243", "productId": "7501", "size": ".75 oz btl"},
{"thumb": "http://i4.peapod.com/c/KK/KKNHZ.gif", "price": "369", "unit_price": "$2.69/ oz", "name": "McCormick Oregano Leaves", "cnid": "243", "productId": "7523", "size": "1.37 oz btl"},
{"thumb": "http://i4.peapod.com/c/KK/KKNHZ.gif", "price": "429", "unit_price": "$2.02/ oz", "name": "McCormick Paprika Ground", "cnid": "243", "productId": "7492", "size": "2.1 oz btl"},
{"thumb": "http://i4.peapod.com/c/KK/KKNHZ.gif", "price": "439", "unit_price": "$3.66/ oz", "name": "McCormick Parsley Flakes", "cnid": "243", "productId": "74042", "size": "1.2 oz btl"},
{"thumb": "http://i4.peapod.com/c/KK/KKNHZ.gif", "price": "329", "unit_price": "$6.58/ oz", "name": "McCormick Parsley Flakes", "cnid": "243", "productId": "7524", "size": ".5 oz btl"},
{"thumb": "http://i4.peapod.com/c/KK/KKNHZ.gif", "price": "519", "unit_price": "$1.30/ oz", "name": "McCormick Pepper Black Coarse Ground", "cnid": "243", "productId": "10752", "size": "4 oz btl"},
{"thumb": "http://i4.peapod.com/c/KK/KKNHZ.gif", "price": "399", "unit_price": "$1.00/ oz", "name": "McCormick Pepper Black Pure Ground", "cnid": "243", "productId": "7510", "size": "4 oz can"},
{"thumb": "http://i4.peapod.com/c/KK/KKNHZ.gif", "price": "219", "unit_price": "$1.10/ oz", "name": "McCormick Pepper Black Pure Ground", "cnid": "243", "productId": "7499", "size": "2 oz can"},
{"thumb": "http://i4.peapod.com/c/KK/KKNHZ.gif", "price": "299", "unit_price": "$2.41/ oz", "name": "McCormick Peppercorn Black Grinder", "cnid": "243", "productId": "152983", "size": "1.24 oz jar"},
{"thumb": "http://i4.peapod.com/c/KK/KKNHZ.gif", "price": "299", "unit_price": "$3.52/ oz", "name": "McCormick Peppercorn Medley Grinder", "cnid": "243", "productId": "129053", "size": ".85 oz btl"},
{"thumb": "http://i4.peapod.com/c/KK/KKNHZ.gif", "price": "359", "unit_price": "$1.51/ oz", "name": "McCormick Peppercorns Black Whole", "cnid": "243", "productId": "86239", "size": "2.37 oz btl"},
{"thumb": "http://i4.peapod.com/c/KK/KKNHZ.gif", "price": "599", "unit_price": "$1.41/ oz", "name": "McCormick Peppercorns Whole Black", "cnid": "243", "productId": "7528", "size": "4.25 oz btl"},
{"thumb": "http://i4.peapod.com/c/KK/KKNHZ.gif", "price": "439", "unit_price": "$4.39/ oz", "name": "McCormick Pepper Red Cayenne Ground", "cnid": "243", "productId": "7412", "size": "1 oz btl"},
{"thumb": "http://i4.peapod.com/c/KK/KKNHZ.gif", "price": "319", "unit_price": "$2.13/ oz", "name": "McCormick Pepper Red Crushed", "cnid": "243", "productId": "78527", "size": "1.5 oz btl"},
{"thumb": "http://i4.peapod.com/c/KK/KKNHZ.gif", "price": "359", "unit_price": "$1.37/ oz", "name": "McCormick Pepper Red Crushed", "cnid": "243", "productId": "7527", "size": "2.62 oz btl"},
{"thumb": "http://i4.peapod.com/c/KK/KKNHZ.gif", "price": "479", "unit_price": "$4.79/ oz", "name": "McCormick Pepper White Ground", "cnid": "243", "productId": "19466", "size": "1 oz btl"},
{"thumb": "http://i4.peapod.com/c/KK/KKNHZ.gif", "price": "359", "unit_price": "$1.13/ oz", "name": "McCormick Perfect Pinch Seasoning Cajun Natural", "cnid": "243", "productId": "103989", "size": "3.18 oz btl"},
{"thumb": "http://i4.peapod.com/c/KK/KKNHZ.gif", "price": "359", "unit_price": "$4.79/ oz", "name": "McCormick Perfect Pinch Seasoning Italian Classic Herbs No MSG", "cnid": "243", "productId": "7493", "size": ".75 oz btl"},
{"thumb": "http://i4.peapod.com/c/KK/KKNHZ.gif", "price": "629", "unit_price": "$5.62/ oz", "name": "McCormick Pie Spice Pumpkin", "cnid": "243", "productId": "33885", "size": "1.12 oz btl"},
{"thumb": "http://i4.peapod.com/c/KK/KKNHZ.gif", "price": "529", "unit_price": "$4.23/ oz", "name": "McCormick Poppy Seed", "cnid": "243", "productId": "33881", "size": "1.25 oz btl"},
{"thumb": "http://i4.peapod.com/c/KK/KKNHZ.gif", "price": "199", "unit_price": "$7.65/ oz", "name": "McCormick Recipe Inspirations Apple & Sage Pork Chops", "cnid": "243", "productId": "157871", "size": ".26 oz pkg"},
{"thumb": "http://i4.peapod.com/c/KK/KKNHZ.gif", "price": "199", "unit_price": "$6.22/ oz", "name": "McCormick Recipe Inspirations Garlic Lime Chicken Fajitas", "cnid": "243", "productId": "157873", "size": ".32 oz pkg"},
{"thumb": "http://i4.peapod.com/c/KK/KKNHZ.gif", "price": "199", "unit_price": "$5.10/ oz", "name": "McCormick Recipe Inspirations Rosemary Roasted Chicken with Potatoes", "cnid": "243", "productId": "157870", "size": ".39 oz pkg"},
{"thumb": "http://i4.peapod.com/c/KK/KKNHZ.gif", "price": "499", "unit_price": "$14.26/ oz", "name": "McCormick Rosemary Leaves", "cnid": "243", "productId": "7475", "size": ".35 oz btl"},
{"thumb": "http://i4.peapod.com/c/KK/KKNHZ.gif", "price": "629", "unit_price": "$10.48/ oz", "name": "McCormick Sage Ground", "cnid": "243", "productId": "33882", "size": ".6 oz btl"},
{"thumb": "http://i4.peapod.com/c/KK/KKNHZ.gif", "price": "359", "unit_price": "$1.37/ oz", "name": "McCormick Salad Supreme Seasoning", "cnid": "243", "productId": "33239", "size": "2.62 oz btl"},
{"thumb": "http://i4.peapod.com/c/KK/KKNHZ.gif", "price": "299", "unit_price": "$1.41/ oz", "name": "McCormick Sea Salt Grinder", "cnid": "243", "productId": "129052", "size": "2.12 oz btl"},
{"thumb": "http://i4.peapod.com/c/KK/KKNHZ.gif", "price": "169", "unit_price": "$1.13/ oz", "name": "McCormick Seasoning Mix Beef Stew", "cnid": "243", "productId": "7509", "size": "1.5 oz pkt"},
{"thumb": "http://i4.peapod.com/c/KK/KKNHZ.gif", "price": "139", "unit_price": "$1.11/ oz", "name": "McCormick Seasoning Mix Chili Hot", "cnid": "243", "productId": "7536", "size": "1.25 oz pkt"},
{"thumb": "http://i4.peapod.com/c/KK/KKNHZ.gif", "price": "139", "unit_price": "$1.11/ oz", "name": "McCormick Seasoning Mix Chili Mild", "cnid": "243", "productId": "7546", "size": "1.25 oz pkt"},
{"thumb": "http://i4.peapod.com/c/KK/KKNHZ.gif", "price": "139", "unit_price": "$1.11/ oz", "name": "McCormick Seasoning Mix Chili Original", "cnid": "243", "productId": "7538", "size": "1.25 oz pkt"},
{"thumb": "http://i4.peapod.com/c/KK/KKNHZ.gif", "price": "100", "unit_price": "$.89/ oz", "name": "McCormick Seasoning Mix Fajitas", "cnid": "243", "productId": "12505", "size": "1.12 oz pkt"},
{"thumb": "http://i4.peapod.com/c/KK/KKNHZ.gif", "price": "169", "unit_price": "$1.29/ oz", "name": "McCormick Seasoning Mix Sloppy Joes", "cnid": "243", "productId": "7530", "size": "1.31 oz pkt"},
{"thumb": "http://i4.peapod.com/c/KK/KKNHZ.gif", "price": "100", "unit_price": "$.67/ oz", "name": "McCormick Seasoning Mix Taco Mild", "cnid": "243", "productId": "12496", "size": "1.5 oz pkt"},
{"thumb": "http://i4.peapod.com/c/KK/KKNHZ.gif", "price": "100", "unit_price": "$.80/ oz", "name": "McCormick Seasoning Mix Taco Original", "cnid": "243", "productId": "7539", "size": "1.25 oz pkt"},
{"thumb": "http://i4.peapod.com/c/KK/KKNHZ.gif", "price": "359", "unit_price": "$1.03/ oz", "name": "McCormick Seasoning Salt Lemon & Pepper", "cnid": "243", "productId": "33889", "size": "3.5 oz btl"},
{"thumb": "http://i4.peapod.com/c/KK/KKNHZ.gif", "price": "499", "unit_price": "$4.99/ oz", "name": "McCormick Sesame Seeds", "cnid": "243", "productId": "33880", "size": "1 oz btl"},
{"thumb": "http://i4.peapod.com/c/KK/KKNHZ.gif", "price": "219", "unit_price": "$1.37/ oz", "name": "McCormick Slow Cookers Seasoning Mix BBQ Pulled Pork", "cnid": "243", "productId": "161513", "size": "1.6 oz pkt"},
{"thumb": "http://i4.peapod.com/c/KK/KKNHZ.gif", "price": "219", "unit_price": "$1.46/ oz", "name": "McCormick Slow Cookers Seasoning Mix Hearty Beef Stew", "cnid": "243", "productId": "152984", "size": "1.5 oz pkt"},
{"thumb": "http://i4.peapod.com/c/KK/KKNHZ.gif", "price": "529", "unit_price": "$7.56/ oz", "name": "McCormick Thyme Ground", "cnid": "243", "productId": "86243", "size": ".7 oz btl"},
{"thumb": "http://i4.peapod.com/c/KK/KKNHZ.gif", "price": "499", "unit_price": "$13.49/ oz", "name": "McCormick Thyme Leaves", "cnid": "243", "productId": "7490", "size": ".37 oz btl"},
{"thumb": "http://i4.peapod.com/c/KK/KKNHZ.gif", "price": "529", "unit_price": "$5.57/ oz", "name": "McCormick Turmeric Ground", "cnid": "243", "productId": "33886", "size": ".95 oz btl"},
{"thumb": "http://i4.peapod.com/c/KK/KKNHZ.gif", "price": "99", "unit_price": "$.04/ oz", "name": "Morton Salt", "cnid": "243", "productId": "2240", "size": "26 oz can"},
{"thumb": "http://i4.peapod.com/c/KK/KKNHZ.gif", "price": "99", "unit_price": "$.04/ oz", "name": "Morton Salt Iodized", "cnid": "243", "productId": "2241", "size": "26 oz can"},
{"thumb": "http://i4.peapod.com/c/KK/KKNHZ.gif", "price": "299", "unit_price": "$.06/ oz", "name": "Morton Salt Kosher Coarse", "cnid": "243", "productId": "2245", "size": "3 lb box"},
{"thumb": "http://i4.peapod.com/c/KK/KKNHZ.gif", "price": "219", "unit_price": "$.20/ oz", "name": "Morton Salt Mixture Lite", "cnid": "243", "productId": "2242", "size": "11 oz can"},
{"thumb": "http://i4.peapod.com/c/KK/KKNHZ.gif", "price": "339", "unit_price": "$1.36/ oz", "name": "Mrs. Dash Seasoning Blend Italian Medley Salt Free", "cnid": "243", "productId": "165670", "size": "2 oz btl"},
{"thumb": "http://i4.peapod.com/c/KK/KKNHZ.gif", "price": "339", "unit_price": "$1.36/ oz", "name": "Mrs. Dash Seasoning Blend Lemon Pepper Salt Free", "cnid": "243", "productId": "18537", "size": "2.5 oz btl"},
{"thumb": "http://i4.peapod.com/c/KK/KKNHZ.gif", "price": "339", "unit_price": "$1.36/ oz", "name": "Mrs. Dash Seasoning Blend Table Blend Salt Free", "cnid": "243", "productId": "18536", "size": "2.5 oz btl"},
{"thumb": "http://i4.peapod.com/c/KK/KKNHZ.gif", "price": "349", "unit_price": "$.58/ oz", "name": "Old Bay Seasoning Original", "cnid": "243", "productId": "47545", "size": "6 oz can"},
{"thumb": "http://i4.peapod.com/c/KK/KKNHZ.gif", "price": "75", "unit_price": "$.75/ oz", "name": "Old El Paso Seasoning Mix Fajita", "cnid": "243", "productId": "126748", "size": "1 oz pkt"},
{"thumb": "http://i4.peapod.com/c/KK/KKNHZ.gif", "price": "75", "unit_price": "$.75/ oz", "name": "Old El Paso Seasoning Mix Taco 25% Less Sodium", "cnid": "243", "productId": "24939", "size": "1 oz pkt"},
{"thumb": "http://i4.peapod.com/c/KK/KKNHZ.gif", "price": "75", "unit_price": "$.75/ oz", "name": "Old El Paso Seasoning Mix Taco Mild", "cnid": "243", "productId": "105302", "size": "1 oz pkt"},
{"thumb": "http://i4.peapod.com/c/KK/KKNHZ.gif", "price": "75", "unit_price": "$.75/ oz", "name": "Old El Paso Seasoning Mix Taco Original", "cnid": "243", "productId": "6486", "size": "1 oz pkt"},
{"thumb": "http://i4.peapod.com/c/KK/KKNHZ.gif", "price": "100", "unit_price": "$.80/ oz", "name": "Ortega Seasoning Mix Taco", "cnid": "243", "productId": "7742", "size": "1.25 oz pkt"},
{"thumb": "http://i4.peapod.com/c/KK/KKNHZ.gif", "price": "150", "unit_price": "$.10/ oz", "name": "Pastene Bread Crumbs Italian Flavored", "cnid": "243", "productId": "36880", "size": "15 oz can"},
{"thumb": "http://i4.peapod.com/c/KK/KKNHZ.gif", "price": "289", "unit_price": "$.36/ oz", "name": "Progresso Bread Crumbs Crispy Italian Style Panko", "cnid": "243", "productId": "162660", "size": "8 oz box"},
{"thumb": "http://i4.peapod.com/c/KK/KKNHZ.gif", "price": "299", "unit_price": "$.12/ oz", "name": "Progresso Bread Crumbs Italian Style", "cnid": "243", "productId": "30572", "size": "24 oz can"},
{"thumb": "http://i4.peapod.com/c/KK/KKNHZ.gif", "price": "219", "unit_price": "$.15/ oz", "name": "Progresso Bread Crumbs Italian Style", "cnid": "243", "productId": "23308", "size": "15 oz can"},
{"thumb": "http://i4.peapod.com/c/KK/KKNHZ.gif", "price": "299", "unit_price": "$.12/ oz", "name": "Progresso Bread Crumbs Plain", "cnid": "243", "productId": "79927", "size": "24 oz can"},
{"thumb": "http://i4.peapod.com/c/KK/KKNHZ.gif", "price": "169", "unit_price": "$.11/ oz", "name": "Rienzi Bread Crumbs Italian Style", "cnid": "243", "productId": "159066", "size": "15 oz can"},
{"thumb": "http://i4.peapod.com/c/KK/KKNHZ.gif", "price": "249", "unit_price": "$4.02/ oz", "name": "Stop & Shop Basil Leaves", "cnid": "243", "productId": "58412", "size": ".62 oz btl"},
{"thumb": "http://i4.peapod.com/c/KK/KKNHZ.gif", "price": "200", "unit_price": "$1.43/ oz", "name": "Stop & Shop Black Peppercorn Grinder", "cnid": "243", "productId": "167582", "size": "1.4 oz btl"},
{"thumb": "http://i4.peapod.com/c/KK/KKNHZ.gif", "price": "219", "unit_price": "$.09/ oz", "name": "Stop & Shop Bread Crumbs Italian Style", "cnid": "243", "productId": "57091", "size": "24 oz can"},
{"thumb": "http://i4.peapod.com/c/KK/KKNHZ.gif", "price": "169", "unit_price": "$.11/ oz", "name": "Stop & Shop Bread Crumbs Plain", "cnid": "243", "productId": "190750", "size": "15 oz can"},
{"thumb": "http://i4.peapod.com/c/KK/KKNHZ.gif", "price": "219", "unit_price": "$.09/ oz", "name": "Stop & Shop Bread Crumbs Plain", "cnid": "243", "productId": "57090", "size": "24 oz can"},
{"thumb": "http://i4.peapod.com/c/KK/KKNHZ.gif", "price": "299", "unit_price": "$1.20/ oz", "name": "Stop & Shop Chili Powder", "cnid": "243", "productId": "58414", "size": "2.5 oz btl"},
{"thumb": "http://i4.peapod.com/c/KK/KKNHZ.gif", "price": "299", "unit_price": "$.96/ oz", "name": "Stop & Shop Garlic Powder", "cnid": "243", "productId": "58404", "size": "3.12 oz btl"},
{"thumb": "http://i4.peapod.com/c/KK/KKNHZ.gif", "price": "239", "unit_price": "$.46/ oz", "name": "Stop & Shop Garlic Salt", "cnid": "243", "productId": "58405", "size": "5.25 oz btl"},
{"thumb": "http://i4.peapod.com/c/KK/KKNHZ.gif", "price": "399", "unit_price": "$1.88/ oz", "name": "Stop & Shop Nutmeg Ground", "cnid": "243", "productId": "58403", "size": "2.12 oz can"},
{"thumb": "http://i4.peapod.com/c/KK/KKNHZ.gif", "price": "349", "unit_price": "$.61/ oz", "name": "Stop & Shop Onion Minced", "cnid": "243", "productId": "126704", "size": "5.75 oz btl"},
{"thumb": "http://i4.peapod.com/c/KK/KKNHZ.gif", "price": "279", "unit_price": "$1.24/ oz", "name": "Stop & Shop Oregano Leaves", "cnid": "243", "productId": "58409", "size": "2.25 oz btl"},
{"thumb": "http://i4.peapod.com/c/KK/KKNHZ.gif", "price": "299", "unit_price": "$1.41/ oz", "name": "Stop & Shop Paprika", "cnid": "243", "productId": "129051", "size": "2.12 oz btl"},
{"thumb": "http://i4.peapod.com/c/KK/KKNHZ.gif", "price": "199", "unit_price": "$2.65/ oz", "name": "Stop & Shop Parsley Flakes", "cnid": "243", "productId": "117533", "size": ".75 oz btl"},
{"thumb": "http://i4.peapod.com/c/KK/KKNHZ.gif", "price": "159", "unit_price": "$.80/ oz", "name": "Stop & Shop Pepper Pure Black Ground", "cnid": "243", "productId": "58401", "size": "2 oz can"},
{"thumb": "http://i4.peapod.com/c/KK/KKNHZ.gif", "price": "250", "unit_price": "$.62/ oz", "name": "Stop & Shop Pepper Pure Black Ground", "cnid": "243", "productId": "58400", "size": "4 oz can"},
{"thumb": "http://i4.peapod.com/c/KK/KKNHZ.gif", "price": "79", "unit_price": "$.03/ oz", "name": "Stop & Shop Salt Iodized", "cnid": "243", "productId": "58084", "size": "26 oz can"},
{"thumb": "http://i4.peapod.com/c/KK/KKNHZ.gif", "price": "200", "unit_price": "$.69/ oz", "name": "Stop & Shop Sea Salt Grinder", "cnid": "243", "productId": "167583", "size": "2.9 oz btl"},
{"thumb": "http://i4.peapod.com/c/KK/KKNHZ.gif", "price": "129", "unit_price": "$.26/ oz", "name": "Stop & Shop Shaker Set Iodized Salt & Pepper", "cnid": "243", "productId": "145039", "size": "5 oz pkg"},
{"thumb": "http://i4.peapod.com/c/KK/KKNHZ.gif", "price": "100", "unit_price": "$.36/ oz", "name": "Tempo Meatloaf Mix Original Homestyle", "cnid": "243", "productId": "78264", "size": "2.75 oz box"},
{"thumb": "http://i4.peapod.com/c/KK/KKNHZ.gif", "price": "339", "unit_price": "$.94/ oz", "name": "Wick Fowler's 2 Alarm Chili Kit", "cnid": "243", "productId": "8337", "size": "3.6 oz pkg"},
{"thumb": "http://i4.peapod.com/c/KK/KKNHZ.gif", "price": "299", "unit_price": "$.85/ oz", "name": "Wright's Liquid Smoke Hickory Seasoning", "cnid": "243", "productId": "27794", "size": "3.5 oz btl"},
{"thumb": "http://i4.peapod.com/c/KK/KKNHZ.gif", "price": "129", "unit_price": "$.05/ ea", "name": "Betty Crocker Birthday Candles Rainbow Stripe Medium", "cnid": "237", "productId": "22421", "size": "24 ct pkg"},
{"thumb": "http://i4.peapod.com/c/KK/KKNHZ.gif", "price": "259", "unit_price": "$.22/ ea", "name": "Betty Crocker Birthday Candles Striped", "cnid": "237", "productId": "156061", "size": "12 ct box"},
{"thumb": "http://i4.peapod.com/c/KK/KKNHZ.gif", "price": "129", "unit_price": "$.05/ ea", "name": "Betty Crocker Birthday Candles White Spiral", "cnid": "237", "productId": "101701", "size": "24 ct box"},
{"thumb": "http://i4.peapod.com/c/KK/KKNHZ.gif", "price": "319", "unit_price": "$3.19/ ea", "name": "Betty Crocker Cake Decorations Alphabet Candy (Colors May Vary)", "cnid": "237", "productId": "182165", "size": "1 oz pkg"},
{"thumb": "http://i4.peapod.com/c/KK/KKNHZ.gif", "price": "389", "unit_price": "$.61/ oz", "name": "Betty Crocker Decorating Cake Icing White", "cnid": "237", "productId": "102346", "size": "6.4 oz can"},
{"thumb": "http://i4.peapod.com/c/KK/KKNHZ.gif", "price": "219", "unit_price": "$1.10/ oz", "name": "Betty Crocker Decorating Decors Nonpareils", "cnid": "237", "productId": "8354", "size": "2 oz btl"},
{"thumb": "http://i4.peapod.com/c/KK/KKNHZ.gif", "price": "229", "unit_price": "$3.42/ oz", "name": "Betty Crocker Decorating Gel Blue", "cnid": "237", "productId": "8359", "size": ".67 oz pkg"},
{"thumb": "http://i4.peapod.com/c/KK/KKNHZ.gif", "price": "229", "unit_price": "$3.42/ oz", "name": "Betty Crocker Decorating Gel Red", "cnid": "237", "productId": "8360", "size": ".67 oz pkg"},
{"thumb": "http://i4.peapod.com/c/KK/KKNHZ.gif", "price": "229", "unit_price": "$3.42/ oz", "name": "Betty Crocker Decorating Gel White", "cnid": "237", "productId": "101704", "size": ".67 oz pkg"},
{"thumb": "http://i4.peapod.com/c/KK/KKNHZ.gif", "price": "319", "unit_price": "$.75/ oz", "name": "Betty Crocker Decorating Icing Blue", "cnid": "237", "productId": "146651", "size": "4.2 oz pkg"},
{"thumb": "http://i4.peapod.com/c/KK/KKNHZ.gif", "price": "319", "unit_price": "$.75/ oz", "name": "Betty Crocker Decorating Icing Red", "cnid": "237", "productId": "8358", "size": "4.25 oz pkg"},
{"thumb": "http://i4.peapod.com/c/KK/KKNHZ.gif", "price": "179", "unit_price": "$1.79/ ea", "name": "Betty Crocker Numeral Candle #0 3 Inch", "cnid": "237", "productId": "145385", "size": "1 ct"},
{"thumb": "http://i4.peapod.com/c/KK/KKNHZ.gif", "price": "179", "unit_price": "$1.79/ ea", "name": "Betty Crocker Numeral Candle #1 3 Inch", "cnid": "237", "productId": "106321", "size": "1 ct"},
{"thumb": "http://i4.peapod.com/c/KK/KKNHZ.gif", "price": "179", "unit_price": "$1.79/ ea", "name": "Betty Crocker Numeral Candle #2 3 Inch", "cnid": "237", "productId": "106328", "size": "1 ct"},
{"thumb": "http://i4.peapod.com/c/KK/KKNHZ.gif", "price": "179", "unit_price": "$1.79/ ea", "name": "Betty Crocker Numeral Candle #3 3 Inch", "cnid": "237", "productId": "106246", "size": "1 ct"},
{"thumb": "http://i4.peapod.com/c/KK/KKNHZ.gif", "price": "179", "unit_price": "$1.79/ ea", "name": "Betty Crocker Numeral Candle #4 3 Inch", "cnid": "237", "productId": "145386", "size": "1 ct"},
{"thumb": "http://i4.peapod.com/c/KK/KKNHZ.gif", "price": "179", "unit_price": "$1.79/ ea", "name": "Betty Crocker Numeral Candle #5 3 Inch", "cnid": "237", "productId": "106245", "size": "1 ct"},
{"thumb": "http://i4.peapod.com/c/KK/KKNHZ.gif", "price": "179", "unit_price": "$1.79/ ea", "name": "Betty Crocker Numeral Candle #6 3 Inch", "cnid": "237", "productId": "145401", "size": "1 ct"},
{"thumb": "http://i4.peapod.com/c/KK/KKNHZ.gif", "price": "179", "unit_price": "$1.79/ ea", "name": "Betty Crocker Numeral Candle #7 3 Inch", "cnid": "237", "productId": "145402", "size": "1 ct"},
{"thumb": "http://i4.peapod.com/c/KK/KKNHZ.gif", "price": "179", "unit_price": "$1.79/ ea", "name": "Betty Crocker Numeral Candle #8 3 Inch", "cnid": "237", "productId": "145403", "size": "1 ct"},
{"thumb": "http://i4.peapod.com/c/KK/KKNHZ.gif", "price": "179", "unit_price": "$1.79/ ea", "name": "Betty Crocker Numeral Candle #9 3 Inch", "cnid": "237", "productId": "145404", "size": "1 ct"},
{"thumb": "http://i4.peapod.com/c/KK/KKNHZ.gif", "price": "249", "unit_price": "$.16/ oz", "name": "Betty Crocker Rich & Creamy Frosting Chocolate", "cnid": "237", "productId": "1124", "size": "16 oz can"},
{"thumb": "http://i4.peapod.com/c/KK/KKNHZ.gif", "price": "249", "unit_price": "$.16/ oz", "name": "Betty Crocker Rich & Creamy Frosting Milk Chocolate", "cnid": "237", "productId": "1125", "size": "16 oz can"},
{"thumb": "http://i4.peapod.com/c/KK/KKNHZ.gif", "price": "249", "unit_price": "$.16/ oz", "name": "Betty Crocker Rich & Creamy Frosting Rainbow Chip", "cnid": "237", "productId": "1128", "size": "16 oz can"},
{"thumb": "http://i4.peapod.com/c/KK/KKNHZ.gif", "price": "249", "unit_price": "$.16/ oz", "name": "Betty Crocker Rich & Creamy Frosting Vanilla", "cnid": "237", "productId": "1123", "size": "16 oz can"},
{"thumb": "http://i4.peapod.com/c/KK/KKNHZ.gif", "price": "399", "unit_price": "$.38/ oz", "name": "Betty Crocker Sweet Topping Carousel Mix", "cnid": "237", "productId": "101622", "size": "10.5 oz tub"},
{"thumb": "http://i4.peapod.com/c/KK/KKNHZ.gif", "price": "249", "unit_price": "$.21/ oz", "name": "Betty Crocker Whipped Frosting Cream Cheese", "cnid": "237", "productId": "41074", "size": "12 oz can"},
{"thumb": "http://i4.peapod.com/c/KK/KKNHZ.gif", "price": "249", "unit_price": "$.21/ oz", "name": "Betty Crocker Whipped Frosting Milk Chocolate", "cnid": "237", "productId": "159974", "size": "12 oz can"},
{"thumb": "http://i4.peapod.com/c/KK/KKNHZ.gif", "price": "249", "unit_price": "$.21/ oz", "name": "Betty Crocker Whipped Frosting Vanilla", "cnid": "237", "productId": "41013", "size": "12 oz can"},
{"thumb": "http://i4.peapod.com/c/KK/KKNHZ.gif", "price": "150", "unit_price": "$.09/ oz", "name": "Duncan Hines Creamy Home-Style Frosting Buttercream", "cnid": "237", "productId": "167341", "size": "16 oz can"},
{"thumb": "http://i4.peapod.com/c/KK/KKNHZ.gif", "price": "150", "unit_price": "$.09/ oz", "name": "Duncan Hines Creamy Home-Style Frosting Classic Chocolate", "cnid": "237", "productId": "20701", "size": "16 oz can"},
{"thumb": "http://i4.peapod.com/c/KK/KKNHZ.gif", "price": "150", "unit_price": "$.09/ oz", "name": "Duncan Hines Creamy Home-Style Frosting Classic Vanilla", "cnid": "237", "productId": "23700", "size": "16 oz can"},
{"thumb": "http://i4.peapod.com/c/KK/KKNHZ.gif", "price": "150", "unit_price": "$.09/ oz", "name": "Duncan Hines Creamy Home-Style Frosting Cream Cheese", "cnid": "237", "productId": "157499", "size": "16 oz can"},
{"thumb": "http://i4.peapod.com/c/KK/KKNHZ.gif", "price": "150", "unit_price": "$.09/ oz", "name": "Duncan Hines Creamy Home-Style Frosting Milk Chocolate", "cnid": "237", "productId": "29698", "size": "16 oz can"},
{"thumb": "http://i4.peapod.com/c/KK/KKNHZ.gif", "price": "100", "unit_price": "$10.00/ oz", "name": "Duncan Hines Frosting Creations Flavor Mix Bubble Gum", "cnid": "237", "productId": "184495", "size": ".10 oz pkt"},
{"thumb": "http://i4.peapod.com/c/KK/KKNHZ.gif", "price": "100", "unit_price": "$10.00/ oz", "name": "Duncan Hines Frosting Creations Flavor Mix Caramel", "cnid": "237", "productId": "184496", "size": ".10 oz pkt"},
{"thumb": "http://i4.peapod.com/c/KK/KKNHZ.gif", "price": "100", "unit_price": "$10.00/ oz", "name": "Duncan Hines Frosting Creations Flavor Mix Cherry Vanilla", "cnid": "237", "productId": "186696", "size": ".10 oz pkt"},
{"thumb": "http://i4.peapod.com/c/KK/KKNHZ.gif", "price": "100", "unit_price": "$10.00/ oz", "name": "Duncan Hines Frosting Creations Flavor Mix Chocolate Almond", "cnid": "237", "productId": "184497", "size": ".10 oz pkt"},
{"thumb": "http://i4.peapod.com/c/KK/KKNHZ.gif", "price": "100", "unit_price": "$5.88/ oz", "name": "Duncan Hines Frosting Creations Flavor Mix Chocolate Marshmallow", "cnid": "237", "productId": "184498", "size": ".17 oz pkt"},
{"thumb": "http://i4.peapod.com/c/KK/KKNHZ.gif", "price": "100", "unit_price": "$10.00/ oz", "name": "Duncan Hines Frosting Creations Flavor Mix Cinnamon Roll", "cnid": "237", "productId": "184499", "size": ".10 oz pkt"},
{"thumb": "http://i4.peapod.com/c/KK/KKNHZ.gif", "price": "100", "unit_price": "$10.00/ oz", "name": "Duncan Hines Frosting Creations Flavor Mix Cotton Candy", "cnid": "237", "productId": "184500", "size": ".10 oz pkt"},
{"thumb": "http://i4.peapod.com/c/KK/KKNHZ.gif", "price": "100", "unit_price": "$10.00/ oz", "name": "Duncan Hines Frosting Creations Flavor Mix Mint Chocolate", "cnid": "237", "productId": "184501", "size": ".10 oz pkt"},
{"thumb": "http://i4.peapod.com/c/KK/KKNHZ.gif", "price": "100", "unit_price": "$10.00/ oz", "name": "Duncan Hines Frosting Creations Flavor Mix Mocha", "cnid": "237", "productId": "184502", "size": ".10 oz pkt"},
{"thumb": "http://i4.peapod.com/c/KK/KKNHZ.gif", "price": "100", "unit_price": "$10.00/ oz", "name": "Duncan Hines Frosting Creations Flavor Mix Orange Creme", "cnid": "237", "productId": "184503", "size": ".10 oz pkt"},
{"thumb": "http://i4.peapod.com/c/KK/KKNHZ.gif", "price": "100", "unit_price": "$10.00/ oz", "name": "Duncan Hines Frosting Creations Flavor Mix Strawberry Shortcake", "cnid": "237", "productId": "184504", "size": ".10 oz pkt"},
{"thumb": "http://i4.peapod.com/c/KK/KKNHZ.gif", "price": "100", "unit_price": "$10.00/ oz", "name": "Duncan Hines Frosting Creations Flavor Mix White Chocolate Raspberry", "cnid": "237", "productId": "184505", "size": ".10 oz pkt"},
{"thumb": "http://i4.peapod.com/c/KK/KKNHZ.gif", "price": "150", "unit_price": "$.09/ oz", "name": "Duncan Hines Frosting Creations Frosting Starter", "cnid": "237", "productId": "186695", "size": "16 oz can"},
{"thumb": "http://i4.peapod.com/c/KK/KKNHZ.gif", "price": "399", "unit_price": "$3.99/ oz", "name": "McCormick Food Color & Egg Dye Assorted Red, Yellow, Green & Blue - 4 ct", "cnid": "237", "productId": "29918", "size": "1 oz box"},
{"thumb": "http://i4.peapod.com/c/KK/KKNHZ.gif", "price": "419", "unit_price": "$4.19/ oz", "name": "McCormick Food Color Red", "cnid": "237", "productId": "7516", "size": "1 oz btl"},
{"thumb": "http://i4.peapod.com/c/KK/KKNHZ.gif", "price": "221", "unit_price": "$.14/ oz", "name": "Pillsbury Creamy Supreme Frosting Chocolate Fudge", "cnid": "237", "productId": "1416", "size": "16 oz can"},
{"thumb": "http://i4.peapod.com/c/KK/KKNHZ.gif", "price": "221", "unit_price": "$.14/ oz", "name": "Pillsbury Funfetti Frosting Chocolate Fudge", "cnid": "237", "productId": "151061", "size": "15.6 oz can"},
{"thumb": "http://i4.peapod.com/c/KK/KKNHZ.gif", "price": "221", "unit_price": "$.14/ oz", "name": "Pillsbury Funfetti Frosting Vanilla", "cnid": "237", "productId": "99676", "size": "15.6 oz can"},
{"thumb": "http://i4.peapod.com/c/KK/KKNHZ.gif", "price": "299", "unit_price": "$.27/ oz", "name": "Stop & Shop Sprinkles Chocolate", "cnid": "237", "productId": "124579", "size": "11 oz btl"},
{"thumb": "http://i4.peapod.com/c/KK/KKNHZ.gif", "price": "299", "unit_price": "$.27/ oz", "name": "Stop & Shop Sprinkles Rainbow", "cnid": "237", "productId": "124580", "size": "11 oz btl"},
{"thumb": "http://i4.peapod.com/c/KK/KKNHZ.gif", "price": "459", "unit_price": "$.21/ oz", "name": "Bob's Red Mill Flour Baking All Purpose Gluten Free", "cnid": "236", "productId": "148631", "size": "22 oz bag"},
{"thumb": "http://i4.peapod.com/c/KK/KKNHZ.gif", "price": "199", "unit_price": "$.06/ oz", "name": "Gold Medal Flour All-Purpose", "cnid": "236", "productId": "26867", "size": "2 lb bag"},
{"thumb": "http://i4.peapod.com/c/KK/KKNHZ.gif", "price": "399", "unit_price": "$.05/ oz", "name": "Gold Medal Flour All-Purpose", "cnid": "236", "productId": "1073", "size": "5 lb bag"},
{"thumb": "http://i4.peapod.com/c/KK/KKNHZ.gif", "price": "399", "unit_price": "$.05/ oz", "name": "Gold Medal Flour Unbleached", "cnid": "236", "productId": "1075", "size": "5 lb bag"},
{"thumb": "http://i4.peapod.com/c/KK/KKNHZ.gif", "price": "299", "unit_price": "$.22/ oz", "name": "Gold Medal Wondra Flour All-Purpose Quick Mixing", "cnid": "236", "productId": "1074", "size": "13.5 oz can"},
{"thumb": "http://i4.peapod.com/c/KK/KKNHZ.gif", "price": "199", "unit_price": "$.08/ oz", "name": "Goya Corn Meal Fine Yellow", "cnid": "236", "productId": "14547", "size": "24 oz bag"},
{"thumb": "http://i4.peapod.com/c/KK/KKNHZ.gif", "price": "279", "unit_price": "$.08/ oz", "name": "Harina P.A.N. Corn Meal White Pre-Cooked", "cnid": "236", "productId": "157615", "size": "35.2 oz pkg"},
{"thumb": "http://i4.peapod.com/c/KK/KKNHZ.gif", "price": "449", "unit_price": "$.06/ oz", "name": "Hodgson Mill Flour Whole Wheat", "cnid": "236", "productId": "57529", "size": "5 lb bag"},
{"thumb": "http://i4.peapod.com/c/KK/KKNHZ.gif", "price": "159", "unit_price": "$.05/ oz", "name": "Indian Head Yellow Corn Meal Stone Ground", "cnid": "236", "productId": "120401", "size": "2 lb bag"},
{"thumb": "http://i4.peapod.com/c/KK/KKNHZ.gif", "price": "549", "unit_price": "$.07/ oz", "name": "King Arthur Flour 100% Whole Wheat All Natural", "cnid": "236", "productId": "36637", "size": "5 lb bag"},
{"thumb": "http://i4.peapod.com/c/KK/KKNHZ.gif", "price": "549", "unit_price": "$.07/ oz", "name": "King Arthur Flour All Purpose Unbleached", "cnid": "236", "productId": "34844", "size": "5 lb bag"},
{"thumb": "http://i4.peapod.com/c/KK/KKNHZ.gif", "price": "549", "unit_price": "$.07/ oz", "name": "King Arthur Flour Bread Unbleached", "cnid": "236", "productId": "86149", "size": "5 lb bag"},
{"thumb": "http://i4.peapod.com/c/KK/KKNHZ.gif", "price": "549", "unit_price": "$.07/ oz", "name": "King Arthur Flour Unbleached White Whole Wheat All Natural", "cnid": "236", "productId": "152680", "size": "5 lb bag"},
{"thumb": "http://i4.peapod.com/c/KK/KKNHZ.gif", "price": "250", "unit_price": "$.04/ oz", "name": "Maseca Instant Corn Masa Floir", "cnid": "236", "productId": "30059", "size": "4.4 lb bag"},
{"thumb": "http://i4.peapod.com/c/KK/KKNHZ.gif", "price": "379", "unit_price": "$.05/ oz", "name": "Pillsbury Flour All-Purpose", "cnid": "236", "productId": "1402", "size": "5 lb bag"},
{"thumb": "http://i4.peapod.com/c/KK/KKNHZ.gif", "price": "369", "unit_price": "$.12/ oz", "name": "Pillsbury Softasilk Cake Flour", "cnid": "236", "productId": "152989", "size": "2 lb box"},
{"thumb": "http://i4.peapod.com/c/KK/KKNHZ.gif", "price": "239", "unit_price": "$.10/ oz", "name": "Quaker Yellow Corn Meal", "cnid": "236", "productId": "2832", "size": "24 oz can"},
{"thumb": "http://i4.peapod.com/c/KK/KKNHZ.gif", "price": "250", "unit_price": "$.03/ oz", "name": "Stop & Shop Flour All-Purpose", "cnid": "236", "productId": "57522", "size": "5 lb bag"},
{"thumb": "http://i4.peapod.com/c/KK/KKNHZ.gif", "price": "250", "unit_price": "$.03/ oz", "name": "Stop & Shop Flour All-Purpose Unbleached", "cnid": "236", "productId": "160896", "size": "5 lb bag"},
{"thumb": "http://i4.peapod.com/c/KK/KKNHZ.gif", "price": "559", "unit_price": "$5.59/ oz", "name": "McCormick Imitation Extract Coconut", "cnid": "227", "productId": "19061", "size": "1 oz btl"},
{"thumb": "http://i4.peapod.com/c/KK/KKNHZ.gif", "price": "399", "unit_price": "$2.00/ oz", "name": "McCormick Imitation Extract Vanilla Premium", "cnid": "227", "productId": "101054", "size": "2 oz btl"},
{"thumb": "http://i4.peapod.com/c/KK/KKNHZ.gif", "price": "639", "unit_price": "$6.39/ oz", "name": "McCormick Pure Extract Almond", "cnid": "227", "productId": "7529", "size": "1 oz btl"},
{"thumb": "http://i4.peapod.com/c/KK/KKNHZ.gif", "price": "639", "unit_price": "$6.39/ oz", "name": "McCormick Pure Extract Anise", "cnid": "227", "productId": "19060", "size": "1 oz btl"},
{"thumb": "http://i4.peapod.com/c/KK/KKNHZ.gif", "price": "639", "unit_price": "$6.39/ oz", "name": "McCormick Pure Extract Lemon", "cnid": "227", "productId": "7512", "size": "1 oz btl"},
{"thumb": "http://i4.peapod.com/c/KK/KKNHZ.gif", "price": "639", "unit_price": "$6.39/ oz", "name": "McCormick Pure Extract Peppermint", "cnid": "227", "productId": "19063", "size": "1 oz btl"},
{"thumb": "http://i4.peapod.com/c/KK/KKNHZ.gif", "price": "499", "unit_price": "$2.49/ oz", "name": "McCormick Pure Extract Vanilla", "cnid": "227", "productId": "7518", "size": "2 oz btl"},
{"thumb": "http://i4.peapod.com/c/KK/KKNHZ.gif", "price": "314", "unit_price": "$3.14/ oz", "name": "Stop & Shop Pure Extract Almond", "cnid": "227", "productId": "167584", "size": "1 oz btl"},
{"thumb": "http://i4.peapod.com/c/KK/KKNHZ.gif", "price": "599", "unit_price": "$2.99/ oz", "name": "Stop & Shop Pure Extract Vanilla", "cnid": "227", "productId": "157828", "size": "2 oz btl"},
{"thumb": "http://i4.peapod.com/c/KK/KKNHZ.gif", "price": "369", "unit_price": "$3.69/ oz", "name": "Stop & Shop Pure Extract Vanilla", "cnid": "227", "productId": "58399", "size": "1 oz btl"},
{"thumb": "http://i4.peapod.com/c/KK/KKNHZ.gif", "price": "999", "unit_price": "$2.50/ oz", "name": "Stop & Shop Pure Extract Vanilla", "cnid": "227", "productId": "58397", "size": "4 oz btl"},
{"thumb": "http://i4.peapod.com/c/KK/KKNHZ.gif", "price": "369", "unit_price": "$.43/ oz", "name": "Alessi Vinegar Balsamic White", "cnid": "216", "productId": "22208", "size": "8.5 oz btl"},
{"thumb": "http://i4.peapod.com/c/KK/KKNHZ.gif", "price": "369", "unit_price": "$.43/ oz", "name": "Alessi Vinegar Balsamic White Fig Infused", "cnid": "216", "productId": "161029", "size": "8.5 oz btl"},
{"thumb": "http://i4.peapod.com/c/KK/KKNHZ.gif", "price": "375", "unit_price": "$.15/ oz", "name": "Cento Vinegar Red Wine", "cnid": "216", "productId": "57278", "size": "25.4 oz btl"},
{"thumb": "http://i4.peapod.com/c/KK/KKNHZ.gif", "price": "479", "unit_price": "$.28/ oz", "name": "Colavita Vinegar Balsamic Aged", "cnid": "216", "productId": "36578", "size": "17 oz btl"},
{"thumb": "http://i4.peapod.com/c/KK/KKNHZ.gif", "price": "649", "unit_price": "$.38/ oz", "name": "Colavita Vinegar Balsamic Organic", "cnid": "216", "productId": "152369", "size": "17 oz btl"},
{"thumb": "http://i4.peapod.com/c/KK/KKNHZ.gif", "price": "350", "unit_price": "$.21/ oz", "name": "Colavita Vinegar Red Wine Aged", "cnid": "216", "productId": "169153", "size": "17 oz btl"},
{"thumb": "http://i4.peapod.com/c/KK/KKNHZ.gif", "price": "350", "unit_price": "$.21/ oz", "name": "Colavita Vinegar White Wine", "cnid": "216", "productId": "152370", "size": "17 oz btl"},
{"thumb": "http://i4.peapod.com/c/KK/KKNHZ.gif", "price": "179", "unit_price": "$.06/ oz", "name": "Heinz Vinegar White Distilled", "cnid": "216", "productId": "587", "size": "32 oz btl"},
{"thumb": "http://i4.peapod.com/c/KK/KKNHZ.gif", "price": "429", "unit_price": "$.27/ oz", "name": "Holland House Cooking Wine Marsala", "cnid": "216", "productId": "12758", "size": "16 oz btl"},
{"thumb": "http://i4.peapod.com/c/KK/KKNHZ.gif", "price": "429", "unit_price": "$.27/ oz", "name": "Holland House Cooking Wine Red", "cnid": "216", "productId": "8245", "size": "16 oz btl"},
{"thumb": "http://i4.peapod.com/c/KK/KKNHZ.gif", "price": "429", "unit_price": "$.27/ oz", "name": "Holland House Cooking Wine Sherry", "cnid": "216", "productId": "8244", "size": "16 oz btl"},
{"thumb": "http://i4.peapod.com/c/KK/KKNHZ.gif", "price": "429", "unit_price": "$.27/ oz", "name": "Holland House Cooking Wine White", "cnid": "216", "productId": "8246", "size": "16 oz btl"},
{"thumb": "http://i4.peapod.com/c/KK/KKNHZ.gif", "price": "379", "unit_price": "$.32/ oz", "name": "Marukan Vinegar Rice", "cnid": "216", "productId": "23165", "size": "12 oz btl"},
{"thumb": "http://i4.peapod.com/c/KK/KKNHZ.gif", "price": "379", "unit_price": "$.32/ oz", "name": "Marukan Vinegar Rice Seasoned", "cnid": "216", "productId": "23163", "size": "12 oz btl"},
{"thumb": "http://i4.peapod.com/c/KK/KKNHZ.gif", "price": "579", "unit_price": "$.34/ oz", "name": "Modenaceti Vinegar Balsamic", "cnid": "216", "productId": "35266", "size": "16.9 oz btl"},
{"thumb": "http://i4.peapod.com/c/KK/KKNHZ.gif", "price": "369", "unit_price": "$.15/ oz", "name": "Progresso Vinegar Red Wine", "cnid": "216", "productId": "92382", "size": "25 oz btl"},
{"thumb": "http://i4.peapod.com/c/KK/KKNHZ.gif", "price": "219", "unit_price": "$.18/ oz", "name": "Regina Vinegar Red Wine", "cnid": "216", "productId": "7739", "size": "12 oz btl"},
{"thumb": "http://i4.peapod.com/c/KK/KKNHZ.gif", "price": "319", "unit_price": "$.19/ oz", "name": "Rienzi Vinegar Balsamic", "cnid": "216", "productId": "95964", "size": "17 oz btl"},
{"thumb": "http://i4.peapod.com/c/KK/KKNHZ.gif", "price": "229", "unit_price": "$.14/ oz", "name": "Rienzi Vinegar Red Wine Imported", "cnid": "216", "productId": "95966", "size": "17 oz btl"},
{"thumb": "http://i4.peapod.com/c/KK/KKNHZ.gif", "price": "179", "unit_price": "$.06/ oz", "name": "Stop & Shop Vinegar Apple Cider", "cnid": "216", "productId": "152295", "size": "32 oz btl"},
{"thumb": "http://i4.peapod.com/c/KK/KKNHZ.gif", "price": "119", "unit_price": "$.07/ oz", "name": "Stop & Shop Vinegar Apple Cider All Natural", "cnid": "216", "productId": "57280", "size": "16 oz btl"},
{"thumb": "http://i4.peapod.com/c/KK/KKNHZ.gif", "price": "299", "unit_price": "$.02/ oz", "name": "Stop & Shop Vinegar White", "cnid": "216", "productId": "57285", "size": "1 gal"},
{"thumb": "http://i4.peapod.com/c/KK/KKNHZ.gif", "price": "289", "unit_price": "$.18/ oz", "name": "Armour Star Lard", "cnid": "192", "productId": "183812", "size": "16 oz pkg"},
{"thumb": "http://i4.peapod.com/c/KK/KKNHZ.gif", "price": "1049", "unit_price": "$.41/ oz", "name": "Bertolli Olive Oil Extra Light", "cnid": "192", "productId": "143469", "size": "25.5 oz btl"},
{"thumb": "http://i4.peapod.com/c/KK/KKNHZ.gif", "price": "699", "unit_price": "$.41/ oz", "name": "Bertolli Olive Oil Extra Light Delicate Taste", "cnid": "192", "productId": "14781", "size": "17 oz btl"},
{"thumb": "http://i4.peapod.com/c/KK/KKNHZ.gif", "price": "699", "unit_price": "$.41/ oz", "name": "Bertolli Olive Oil Extra Virgin", "cnid": "192", "productId": "5718", "size": "17 oz btl"},
{"thumb": "http://i4.peapod.com/c/KK/KKNHZ.gif", "price": "1799", "unit_price": "$.35/ oz", "name": "Bertolli Olive Oil Extra Virgin", "cnid": "192", "productId": "91146", "size": "51 oz btl"},
{"thumb": "http://i4.peapod.com/c/KK/KKNHZ.gif", "price": "749", "unit_price": "$.44/ oz", "name": "California Olive Ranch Olive Oil Extra Virgin", "cnid": "192", "productId": "161952", "size": "16.9 oz btl"},
{"thumb": "http://i4.peapod.com/c/KK/KKNHZ.gif", "price": "999", "unit_price": "$.39/ oz", "name": "California Olive Ranch Olive Oil Extra Virgin", "cnid": "192", "productId": "161953", "size": "25.4 oz btl"},
{"thumb": "http://i4.peapod.com/c/KK/KKNHZ.gif", "price": "2099", "unit_price": "$.21/ oz", "name": "Capatriti Olive Oil Extra Virgin First Cold Pressed", "cnid": "192", "productId": "152374", "size": "101 oz can"},
{"thumb": "http://i4.peapod.com/c/KK/KKNHZ.gif", "price": "999", "unit_price": "$.59/ oz", "name": "Carapelli Olive Oil Extra Virgin First Cold Pressed 100% Natural", "cnid": "192", "productId": "123840", "size": "17 oz btl"},
{"thumb": "http://i4.peapod.com/c/KK/KKNHZ.gif", "price": "1599", "unit_price": "$.47/ oz", "name": "Colavita Olive Oil Extra Virgin First Cold Pressed", "cnid": "192", "productId": "36565", "size": "34 oz btl"},
{"thumb": "http://i4.peapod.com/c/KK/KKNHZ.gif", "price": "1049", "unit_price": "$.62/ oz", "name": "Colavita Olive Oil Extra Virgin First Cold Pressed", "cnid": "192", "productId": "36564", "size": "17 oz btl"},
{"thumb": "http://i4.peapod.com/c/KK/KKNHZ.gif", "price": "1399", "unit_price": "$.55/ oz", "name": "Colavita Olive Oil Extra Virgin First Cold Pressed", "cnid": "192", "productId": "167581", "size": "25.5 oz btl"},
{"thumb": "http://i4.peapod.com/c/KK/KKNHZ.gif", "price": "339", "unit_price": "$.21/ oz", "name": "Crisco All-Vegetable Shortening", "cnid": "192", "productId": "3624", "size": "16 oz can"},
{"thumb": "http://i4.peapod.com/c/KK/KKNHZ.gif", "price": "629", "unit_price": "$2.10/ lb", "name": "Crisco All-Vegetable Shortening", "cnid": "192", "productId": "3625", "size": "3 lb can"},
{"thumb": "http://i4.peapod.com/c/KK/KKNHZ.gif", "price": "429", "unit_price": "$.22/ oz", "name": "Crisco All-Vegetable Shortening Sticks - 3 ct", "cnid": "192", "productId": "31401", "size": "20 oz pkg"},
{"thumb": "http://i4.peapod.com/c/KK/KKNHZ.gif", "price": "579", "unit_price": "$.12/ oz", "name": "Crisco Canola Oil Pure", "cnid": "192", "productId": "3559", "size": "48 oz btl"},
{"thumb": "http://i4.peapod.com/c/KK/KKNHZ.gif", "price": "579", "unit_price": "$.12/ oz", "name": "Crisco Vegetable Oil", "cnid": "192", "productId": "3550", "size": "48 oz btl"},
{"thumb": "http://i4.peapod.com/c/KK/KKNHZ.gif", "price": "1499", "unit_price": "$.30/ oz", "name": "Filippo Berio Olive Oil 100% Pure All Natural", "cnid": "192", "productId": "152373", "size": "50.7 oz btl"},
{"thumb": "http://i4.peapod.com/c/KK/KKNHZ.gif", "price": "599", "unit_price": "$.35/ oz", "name": "Filippo Berio Olive Oil 100% Pure All Natural", "cnid": "192", "productId": "35159", "size": "16.9 oz btl"},
{"thumb": "http://i4.peapod.com/c/KK/KKNHZ.gif", "price": "799", "unit_price": "$.32/ oz", "name": "Filippo Berio Olive Oil 100% Pure All Natural", "cnid": "192", "productId": "35160", "size": "25.3 oz btl"},
{"thumb": "http://i4.peapod.com/c/KK/KKNHZ.gif", "price": "2599", "unit_price": "$.26/ oz", "name": "Filippo Berio Olive Oil 100% Pure All Natural", "cnid": "192", "productId": "99811", "size": "101 oz can"},
{"thumb": "http://i4.peapod.com/c/KK/KKNHZ.gif", "price": "599", "unit_price": "$.35/ oz", "name": "Filippo Berio Olive Oil Extra Light 100% Pure All Natural", "cnid": "192", "productId": "35155", "size": "16.9 oz btl"},
{"thumb": "http://i4.peapod.com/c/KK/KKNHZ.gif", "price": "1499", "unit_price": "$.30/ oz", "name": "Filippo Berio Olive Oil Extra Light 100% Pure All Natural", "cnid": "192", "productId": "152372", "size": "50.7 oz btl"},
{"thumb": "http://i4.peapod.com/c/KK/KKNHZ.gif", "price": "2699", "unit_price": "$.27/ oz", "name": "Filippo Berio Olive Oil Extra Virgin Cold Pressed All Natural", "cnid": "192", "productId": "116340", "size": "101 oz can"},
{"thumb": "http://i4.peapod.com/c/KK/KKNHZ.gif", "price": "799", "unit_price": "$.32/ oz", "name": "Filippo Berio Olive Oil Extra Virgin Cold Pressed All Natural", "cnid": "192", "productId": "89942", "size": "25.3 oz btl"},
{"thumb": "http://i4.peapod.com/c/KK/KKNHZ.gif", "price": "669", "unit_price": "$.40/ oz", "name": "Filippo Berio Olive Oil Extra Virgin Cold Pressed All Natural", "cnid": "192", "productId": "42588", "size": "16.9 oz btl"},
{"thumb": "http://i4.peapod.com/c/KK/KKNHZ.gif", "price": "1649", "unit_price": "$.32/ oz", "name": "Filippo Berio Olive Oil Extra Virgin Cold Pressed All Natural", "cnid": "192", "productId": "152371", "size": "50.7 oz btl"},
{"thumb": "http://i4.peapod.com/c/KK/KKNHZ.gif", "price": "349", "unit_price": "$.41/ oz", "name": "Goya Olive Oil Extra Virgin First Cold Press", "cnid": "192", "productId": "14340", "size": "8.5 oz btl"},
{"thumb": "http://i4.peapod.com/c/KK/KKNHZ.gif", "price": "579", "unit_price": "$.18/ oz", "name": "Hollywood Safflower Oil", "cnid": "192", "productId": "7876", "size": "32 oz btl"},
{"thumb": "http://i4.peapod.com/c/KK/KKNHZ.gif", "price": "619", "unit_price": "$.88/ oz", "name": "KA-ME Sesame Oil Blend", "cnid": "192", "productId": "55874", "size": "7 oz btl"},
{"thumb": "http://i4.peapod.com/c/KK/KKNHZ.gif", "price": "899", "unit_price": "$.71/ oz", "name": "Loriva Sesame Oil Extra Virgin", "cnid": "192", "productId": "12174", "size": "12.7 oz btl"},
{"thumb": "http://i4.peapod.com/c/KK/KKNHZ.gif", "price": "549", "unit_price": "$.14/ oz", "name": "Mazola Corn Oil", "cnid": "192", "productId": "153681", "size": "40 oz btl"},
{"thumb": "http://i4.peapod.com/c/KK/KKNHZ.gif", "price": "1069", "unit_price": "$.11/ oz", "name": "Mazola Corn Oil 100% Pure", "cnid": "192", "productId": "135689", "size": "96 oz btl"},
{"thumb": "http://i4.peapod.com/c/KK/KKNHZ.gif", "price": "299", "unit_price": "$.60/ oz", "name": "Nature's Promise Organics Cooking Spray Olive Oil No Stick", "cnid": "192", "productId": "149854", "size": "5 oz can"},
{"thumb": "http://i4.peapod.com/c/KK/KKNHZ.gif", "price": "349", "unit_price": "$.70/ oz", "name": "Pam Cooking Spray Butter Non-Stick", "cnid": "192", "productId": "7820", "size": "5 oz can"},
{"thumb": "http://i4.peapod.com/c/KK/KKNHZ.gif", "price": "349", "unit_price": "$.70/ oz", "name": "Pam Cooking Spray Grilling No-Stick", "cnid": "192", "productId": "93419", "size": "5 oz can"},
{"thumb": "http://i4.peapod.com/c/KK/KKNHZ.gif", "price": "349", "unit_price": "$.70/ oz", "name": "Pam Cooking Spray Olive Oil Fat Free Non-Stick", "cnid": "192", "productId": "22704", "size": "5 oz can"},
{"thumb": "http://i4.peapod.com/c/KK/KKNHZ.gif", "price": "349", "unit_price": "$.58/ oz", "name": "Pam Cooking Spray Original Fat Free Non-Stick", "cnid": "192", "productId": "7819", "size": "6 oz can"},
{"thumb": "http://i4.peapod.com/c/KK/KKNHZ.gif", "price": "469", "unit_price": "$.59/ oz", "name": "Pam Cooking Spray Original Non-Stick", "cnid": "192", "productId": "70822", "size": "8 oz can"},
{"thumb": "http://i4.peapod.com/c/KK/KKNHZ.gif", "price": "499", "unit_price": "$.10/ oz", "name": "Smart Balance Omega Cooking Oil", "cnid": "192", "productId": "155714", "size": "48 oz btl"},
{"thumb": "http://i4.peapod.com/c/KK/KKNHZ.gif", "price": "289", "unit_price": "$.48/ oz", "name": "Smart Balance Omega Cooking Spray Non-Stick", "cnid": "192", "productId": "155715", "size": "6 oz can"},
{"thumb": "http://i4.peapod.com/c/KK/KKNHZ.gif", "price": "349", "unit_price": "$.07/ oz", "name": "Stop & Shop Canola Oil", "cnid": "192", "productId": "125473", "size": "48 oz btl"},
{"thumb": "http://i4.peapod.com/c/KK/KKNHZ.gif", "price": "299", "unit_price": "$.12/ oz", "name": "Stop & Shop Canola Oil 100% Natural", "cnid": "192", "productId": "57268", "size": "24 oz btl"},
{"thumb": "http://i4.peapod.com/c/KK/KKNHZ.gif", "price": "299", "unit_price": "$.60/ oz", "name": "Stop & Shop Cooking Spray Butter Non-Stick", "cnid": "192", "productId": "57274", "size": "5 oz can"},
{"thumb": "http://i4.peapod.com/c/KK/KKNHZ.gif", "price": "299", "unit_price": "$.50/ oz", "name": "Stop & Shop Cooking Spray Canola Oil", "cnid": "192", "productId": "57271", "size": "6 oz can"},
{"thumb": "http://i4.peapod.com/c/KK/KKNHZ.gif", "price": "299", "unit_price": "$.60/ oz", "name": "Stop & Shop Cooking Spray Olive Oil", "cnid": "192", "productId": "125214", "size": "5 oz btl"},
{"thumb": "http://i4.peapod.com/c/KK/KKNHZ.gif", "price": "299", "unit_price": "$.50/ oz", "name": "Stop & Shop Cooking Spray Vegetable Oil Non-Stick", "cnid": "192", "productId": "150415", "size": "6 oz can"},
{"thumb": "http://i4.peapod.com/c/KK/KKNHZ.gif", "price": "1249", "unit_price": "$.25/ oz", "name": "Stop & Shop Olive Oil Extra Light", "cnid": "192", "productId": "158010", "size": "51 oz btl"},
{"thumb": "http://i4.peapod.com/c/KK/KKNHZ.gif", "price": "499", "unit_price": "$.29/ oz", "name": "Stop & Shop Olive Oil Extra Virgin", "cnid": "192", "productId": "141819", "size": "17 oz btl"},
{"thumb": "http://i4.peapod.com/c/KK/KKNHZ.gif", "price": "1349", "unit_price": "$.26/ oz", "name": "Stop & Shop Olive Oil Extra Virgin", "cnid": "192", "productId": "150414", "size": "51 oz btl"},
{"thumb": "http://i4.peapod.com/c/KK/KKNHZ.gif", "price": "639", "unit_price": "$.25/ oz", "name": "Stop & Shop Olive Oil Light Pure & All Natural", "cnid": "192", "productId": "130684", "size": "25.5 oz btl"},
{"thumb": "http://i4.peapod.com/c/KK/KKNHZ.gif", "price": "1249", "unit_price": "$.25/ oz", "name": "Stop & Shop Olive Oil Pure & All Natural", "cnid": "192", "productId": "173354", "size": "51 oz btl"},
{"thumb": "http://i4.peapod.com/c/KK/KKNHZ.gif", "price": "499", "unit_price": "$.16/ oz", "name": "Stop & Shop Peanut Oil", "cnid": "192", "productId": "157995", "size": "32 oz btl"},
{"thumb": "http://i4.peapod.com/c/KK/KKNHZ.gif", "price": "349", "unit_price": "$.07/ oz", "name": "Stop & Shop Vegetable Oil", "cnid": "192", "productId": "57265", "size": "48 oz btl"},
{"thumb": "http://i4.peapod.com/c/KK/KKNHZ.gif", "price": "699", "unit_price": "$.07/ oz", "name": "Stop & Shop Vegetable Oil 100% Soybean", "cnid": "192", "productId": "183115", "size": "96 oz jug"},
{"thumb": "http://i4.peapod.com/c/KK/KKNHZ.gif", "price": "799", "unit_price": "$.06/ oz", "name": "Wesson Canola Oil", "cnid": "192", "productId": "75869", "size": "1 gal"},
{"thumb": "http://i4.peapod.com/c/KK/KKNHZ.gif", "price": "499", "unit_price": "$.10/ oz", "name": "Wesson Canola Oil 100% Natural", "cnid": "192", "productId": "10937", "size": "48 oz btl"},
{"thumb": "http://i4.peapod.com/c/KK/KKNHZ.gif", "price": "499", "unit_price": "$.10/ oz", "name": "Wesson Vegetable Oil", "cnid": "192", "productId": "2478", "size": "48 oz btl"},
{"thumb": "http://i4.peapod.com/c/KK/KKNHZ.gif", "price": "289", "unit_price": "$.21/ oz", "name": "A Taste of Thai Coconut Milk Lite", "cnid": "191", "productId": "21288", "size": "13.5 oz can"},
{"thumb": "http://i4.peapod.com/c/KK/KKNHZ.gif", "price": "299", "unit_price": "$.21/ oz", "name": "Borden Eagle Brand Condensed Milk Low Fat", "cnid": "191", "productId": "33396", "size": "14 oz can"},
{"thumb": "http://i4.peapod.com/c/KK/KKNHZ.gif", "price": "299", "unit_price": "$.21/ oz", "name": "Borden Eagle Brand Condensed Milk Sweetened", "cnid": "191", "productId": "7624", "size": "14 oz can"},
{"thumb": "http://i4.peapod.com/c/KK/KKNHZ.gif", "price": "239", "unit_price": "$.17/ oz", "name": "Goya Condensed Milk Sweetened", "cnid": "191", "productId": "157583", "size": "14 oz can"},
{"thumb": "http://i4.peapod.com/c/KK/KKNHZ.gif", "price": "75", "unit_price": "$.06/ oz", "name": "Guaranteed Value Evaporated Filled Milk", "cnid": "191", "productId": "161981", "size": "12 oz can"},
{"thumb": "http://i4.peapod.com/c/KK/KKNHZ.gif", "price": "429", "unit_price": "$.32/ oz", "name": "JFC Coconut Milk", "cnid": "191", "productId": "157559", "size": "13.5 oz can"},
{"thumb": "http://i4.peapod.com/c/KK/KKNHZ.gif", "price": "125", "unit_price": "$.10/ oz", "name": "Nestle Carnation Evaporated Milk Vitamin D Added (Leche Evaporada)", "cnid": "191", "productId": "6897", "size": "12 oz can"},
{"thumb": "http://i4.peapod.com/c/KK/KKNHZ.gif", "price": "125", "unit_price": "$.10/ oz", "name": "Nestle Carnation Evaporated Milk Vitamins A & D Added Fat Free (sin Grasa)", "cnid": "191", "productId": "6914", "size": "12 oz can"},
{"thumb": "http://i4.peapod.com/c/KK/KKNHZ.gif", "price": "449", "unit_price": "$.47/ oz", "name": "Nestle Carnation Instant Dry Milk Non Fat Vitamins A & D Added (Leche)", "cnid": "191", "productId": "181915", "size": "9.6 oz pkg"},
{"thumb": "http://i4.peapod.com/c/KK/KKNHZ.gif", "price": "299", "unit_price": "$.21/ oz", "name": "Nestle La Lechera Condensed Milk Sweetened", "cnid": "191", "productId": "157581", "size": "14 oz can"},
{"thumb": "http://i4.peapod.com/c/KK/KKNHZ.gif", "price": "219", "unit_price": "$.29/ oz", "name": "Nestle Media Crema Table Cream", "cnid": "191", "productId": "157582", "size": "7.6 oz can"},
{"thumb": "http://i4.peapod.com/c/KK/KKNHZ.gif", "price": "250", "unit_price": "$.18/ oz", "name": "Parrot Brand Condensed Milk Sweetened", "cnid": "191", "productId": "157618", "size": "14 oz can"},
{"thumb": "http://i4.peapod.com/c/KK/KKNHZ.gif", "price": "239", "unit_price": "$.17/ oz", "name": "Stop & Shop Condensed Milk Sweetened", "cnid": "191", "productId": "57128", "size": "14 oz can"},
{"thumb": "http://i4.peapod.com/c/KK/KKNHZ.gif", "price": "119", "unit_price": "$.10/ oz", "name": "Stop & Shop Evaporated Milk Added Vitamins A & D Fat Free (sin Grasa)", "cnid": "191", "productId": "57126", "size": "12 oz can"},
{"thumb": "http://i4.peapod.com/c/KK/KKNHZ.gif", "price": "119", "unit_price": "$.10/ oz", "name": "Stop & Shop Evaporated Milk with Vitamin D (Leche Evaporada)", "cnid": "191", "productId": "57125", "size": "12 oz can"},
{"thumb": "http://i4.peapod.com/c/KK/KKNHZ.gif", "price": "599", "unit_price": "$.37/ oz", "name": "Stop & Shop Instant Dry Milk Non Fat - 5 ct", "cnid": "191", "productId": "57130", "size": "16 oz box"},
{"thumb": "http://i4.peapod.com/c/KK/KKNHZ.gif", "price": "899", "unit_price": "$.28/ oz", "name": "Stop & Shop Instant Dry Milk Non Fat - Makes 10 Quarts", "cnid": "191", "productId": "57131", "size": "32 oz box"},
{"thumb": "http://i4.peapod.com/c/KK/KKNHZ.gif", "price": "299", "unit_price": "$.22/ oz", "name": "Thai Kitchen Coconut Milk Premium Unsweetened All Natural", "cnid": "191", "productId": "157572", "size": "13.6 oz can"},
{"thumb": "http://i4.peapod.com/c/KK/KKNHZ.gif", "price": "209", "unit_price": "$.13/ oz", "name": "Argo 100% Pure Corn Starch", "cnid": "187", "productId": "6733", "size": "16 oz pkg"},
{"thumb": "http://i4.peapod.com/c/KK/KKNHZ.gif", "price": "99", "unit_price": "$.06/ oz", "name": "Arm & Hammer Baking Soda Fridge-n-Freezer Odor Absorber", "cnid": "187", "productId": "26811", "size": "16 oz box"},
{"thumb": "http://i4.peapod.com/c/KK/KKNHZ.gif", "price": "99", "unit_price": "$.06/ oz", "name": "Arm & Hammer Baking Soda Pure", "cnid": "187", "productId": "3117", "size": "16 oz box"},
{"thumb": "http://i4.peapod.com/c/KK/KKNHZ.gif", "price": "125", "unit_price": "$.08/ oz", "name": "Hodgson Mill Corn Starch 100% Pure All Natural", "cnid": "187", "productId": "163569", "size": "16 oz box"},
{"thumb": "http://i4.peapod.com/c/KK/KKNHZ.gif", "price": "239", "unit_price": "$.24/ oz", "name": "Rumford Baking Powder Aluminum-Free", "cnid": "187", "productId": "36641", "size": "10 oz can"},
{"thumb": "http://i4.peapod.com/c/KK/KKNHZ.gif", "price": "439", "unit_price": "$.55/ oz", "name": "Baker's Baking Chocolate Semi-Sweet Squares", "cnid": "167", "productId": "6012", "size": "8 oz pkg"},
{"thumb": "http://i4.peapod.com/c/KK/KKNHZ.gif", "price": "439", "unit_price": "$.55/ oz", "name": "Baker's Baking Chocolate Unsweetened Squares", "cnid": "167", "productId": "6010", "size": "8 oz pkg"},
{"thumb": "http://i4.peapod.com/c/KK/KKNHZ.gif", "price": "349", "unit_price": "$.35/ oz", "name": "Ghirardelli Bittersweet Chocolate Chips 60% Cacao All Natural", "cnid": "167", "productId": "70886", "size": "10 oz bag"},
{"thumb": "http://i4.peapod.com/c/KK/KKNHZ.gif", "price": "299", "unit_price": "$.75/ oz", "name": "Ghirardelli Bittersweet Chocolate Premium Baking Bar 60% Cacao All Natural", "cnid": "167", "productId": "18201", "size": "4 oz bar"},
{"thumb": "http://i4.peapod.com/c/KK/KKNHZ.gif", "price": "349", "unit_price": "$.29/ oz", "name": "Ghirardelli Chocolate Chips Semi-Sweet Chocolate", "cnid": "167", "productId": "29652", "size": "12 oz bag"},
{"thumb": "http://i4.peapod.com/c/KK/KKNHZ.gif", "price": "299", "unit_price": "$.75/ oz", "name": "Ghirardelli Premium Baking Bar White Chocolate All Natural", "cnid": "167", "productId": "29599", "size": "4 oz bar"},
{"thumb": "http://i4.peapod.com/c/KK/KKNHZ.gif", "price": "349", "unit_price": "$.30/ oz", "name": "Ghirardelli Premium Baking Chips Milk Chocolate All Natural", "cnid": "167", "productId": "29650", "size": "11.5 oz bag"},
{"thumb": "http://i4.peapod.com/c/KK/KKNHZ.gif", "price": "299", "unit_price": "$.75/ oz", "name": "Ghirardelli Semi Sweet Chocolate Premium Baking Bar All Natural", "cnid": "167", "productId": "18202", "size": "4 oz bar"},
{"thumb": "http://i4.peapod.com/c/KK/KKNHZ.gif", "price": "250", "unit_price": "$.21/ oz", "name": "Hershey's Baking Chips Special Dark", "cnid": "167", "productId": "166426", "size": "12 oz bag"},
{"thumb": "http://i4.peapod.com/c/KK/KKNHZ.gif", "price": "250", "unit_price": "$.21/ oz", "name": "Hershey's Chocolate Chips Semi-Sweet", "cnid": "167", "productId": "3213", "size": "12 oz bag"},
{"thumb": "http://i4.peapod.com/c/KK/KKNHZ.gif", "price": "389", "unit_price": "$.49/ oz", "name": "Hershey's Cocoa Unsweetened", "cnid": "167", "productId": "3206", "size": "8 oz can"},
{"thumb": "http://i4.peapod.com/c/KK/KKNHZ.gif", "price": "250", "unit_price": "$.31/ oz", "name": "Hershey's Heath Milk Chocolate Toffee Bits", "cnid": "167", "productId": "128267", "size": "8 oz bag"},
{"thumb": "http://i4.peapod.com/c/KK/KKNHZ.gif", "price": "250", "unit_price": "$.22/ oz", "name": "Nestle Toll House Chocolate Chunks Semi-Sweet", "cnid": "167", "productId": "144744", "size": "11.5 oz bag"},
{"thumb": "http://i4.peapod.com/c/KK/KKNHZ.gif", "price": "250", "unit_price": "$.23/ oz", "name": "Nestle Toll House Morsels Butterscotch", "cnid": "167", "productId": "2550", "size": "11 oz bag"},
{"thumb": "http://i4.peapod.com/c/KK/KKNHZ.gif", "price": "589", "unit_price": "$.26/ oz", "name": "Nestle Toll House Morsels Milk Chocolate", "cnid": "167", "productId": "170058", "size": "23 oz bag"},
{"thumb": "http://i4.peapod.com/c/KK/KKNHZ.gif", "price": "250", "unit_price": "$.22/ oz", "name": "Nestle Toll House Morsels Milk Chocolate", "cnid": "167", "productId": "29649", "size": "11.5 oz bag"},
{"thumb": "http://i4.peapod.com/c/KK/KKNHZ.gif", "price": "250", "unit_price": "$.21/ oz", "name": "Nestle Toll House Morsels Semi-Sweet Chocolate", "cnid": "167", "productId": "2549", "size": "12 oz bag"},
{"thumb": "http://i4.peapod.com/c/KK/KKNHZ.gif", "price": "589", "unit_price": "$.25/ oz", "name": "Nestle Toll House Morsels Semi-Sweet Chocolate", "cnid": "167", "productId": "2548", "size": "24 oz bag"},
{"thumb": "http://i4.peapod.com/c/KK/KKNHZ.gif", "price": "250", "unit_price": "$.21/ oz", "name": "Nestle Toll House Morsels Semi-Sweet Chocolate Mini", "cnid": "167", "productId": "2546", "size": "12 oz bag"},
{"thumb": "http://i4.peapod.com/c/KK/KKNHZ.gif", "price": "250", "unit_price": "$.25/ oz", "name": "Reese's Baking Chips Peanut Butter", "cnid": "167", "productId": "3184", "size": "10 oz bag"},
{"thumb": "http://i4.peapod.com/c/KK/KKNHZ.gif", "price": "250", "unit_price": "$.08/ oz", "name": "Aunt Jemima Complete Pancake & Waffle Mix", "cnid": "176", "productId": "2858", "size": "32 oz box"},
{"thumb": "http://i4.peapod.com/c/KK/KKNHZ.gif", "price": "250", "unit_price": "$.08/ oz", "name": "Aunt Jemima Complete Pancake Mix Buttermilk", "cnid": "176", "productId": "2861", "size": "32 oz box"},
{"thumb": "http://i4.peapod.com/c/KK/KKNHZ.gif", "price": "250", "unit_price": "$.08/ oz", "name": "Aunt Jemima Pancake Mix Original", "cnid": "176", "productId": "2856", "size": "32 oz box"},
{"thumb": "http://i4.peapod.com/c/KK/KKNHZ.gif", "price": "250", "unit_price": "$.07/ oz", "name": "Aunt Jemima Pancake Mix Whole Wheat", "cnid": "176", "productId": "2860", "size": "35 oz box"},
{"thumb": "http://i4.peapod.com/c/KK/KKNHZ.gif", "price": "319", "unit_price": "$.20/ oz", "name": "Betty Crocker Angel Food Cake Mix White Fat Free", "cnid": "176", "productId": "1116", "size": "16 oz box"},
{"thumb": "http://i4.peapod.com/c/KK/KKNHZ.gif", "price": "179", "unit_price": "$.10/ oz", "name": "Betty Crocker Brownie Mix Chewy Fudge", "cnid": "176", "productId": "1119", "size": "18.3 oz box"},
{"thumb": "http://i4.peapod.com/c/KK/KKNHZ.gif", "price": "179", "unit_price": "$.09/ oz", "name": "Betty Crocker Brownie Mix Hershey's Dark Chocolate Fudge", "cnid": "176", "productId": "43934", "size": "19.9 oz box"},
{"thumb": "http://i4.peapod.com/c/KK/KKNHZ.gif", "price": "299", "unit_price": "$.17/ oz", "name": "Betty Crocker Cookie Mix Chocolate Chip", "cnid": "176", "productId": "63245", "size": "17.5 oz pkg"},
{"thumb": "http://i4.peapod.com/c/KK/KKNHZ.gif", "price": "299", "unit_price": "$.17/ oz", "name": "Betty Crocker Cookie Mix Oatmeal Chocolate Chip", "cnid": "176", "productId": "117814", "size": "17.5 oz bag"},
{"thumb": "http://i4.peapod.com/c/KK/KKNHZ.gif", "price": "299", "unit_price": "$.17/ oz", "name": "Betty Crocker Cookie Mix Peanut Butter", "cnid": "176", "productId": "63139", "size": "17.5 oz bag"},
{"thumb": "http://i4.peapod.com/c/KK/KKNHZ.gif", "price": "299", "unit_price": "$.17/ oz", "name": "Betty Crocker Cookie Mix Sugar", "cnid": "176", "productId": "88163", "size": "17.5 oz bag"},
{"thumb": "http://i4.peapod.com/c/KK/KKNHZ.gif", "price": "369", "unit_price": "$.24/ oz", "name": "Betty Crocker FUN da-Middles Cupcake Mix Chocolate Creamy Vanilla Filling", "cnid": "176", "productId": "174854", "size": "15.4 oz box"},
{"thumb": "http://i4.peapod.com/c/KK/KKNHZ.gif", "price": "329", "unit_price": "$.22/ oz", "name": "Betty Crocker Muffin & Quick Bread Mix Cinnamon Streusel", "cnid": "176", "productId": "137293", "size": "15.2 oz box"},
{"thumb": "http://i4.peapod.com/c/KK/KKNHZ.gif", "price": "139", "unit_price": "$.21/ oz", "name": "Betty Crocker Muffin Mix Chocolate Chip", "cnid": "176", "productId": "88368", "size": "6.5 oz bag"},
{"thumb": "http://i4.peapod.com/c/KK/KKNHZ.gif", "price": "329", "unit_price": "$.18/ oz", "name": "Betty Crocker Muffin Mix Wild Blueberry", "cnid": "176", "productId": "23097", "size": "18.2 oz box"},
{"thumb": "http://i4.peapod.com/c/KK/KKNHZ.gif", "price": "99", "unit_price": "$.15/ oz", "name": "Betty Crocker Pizza Crust Mix", "cnid": "176", "productId": "76267", "size": "6.5 oz pkg"},
{"thumb": "http://i4.peapod.com/c/KK/KKNHZ.gif", "price": "299", "unit_price": "$.19/ oz", "name": "Betty Crocker Pound Cake Mix", "cnid": "176", "productId": "23385", "size": "16 oz box"},
{"thumb": "http://i4.peapod.com/c/KK/KKNHZ.gif", "price": "229", "unit_price": "$.15/ oz", "name": "Betty Crocker SuperMoist Cake Mix Butter", "cnid": "176", "productId": "23387", "size": "15.2 oz box"},
{"thumb": "http://i4.peapod.com/c/KK/KKNHZ.gif", "price": "229", "unit_price": "$.15/ oz", "name": "Betty Crocker SuperMoist Cake Mix Carrot", "cnid": "176", "productId": "1115", "size": "15.2 oz box"},
{"thumb": "http://i4.peapod.com/c/KK/KKNHZ.gif", "price": "229", "unit_price": "$.15/ oz", "name": "Betty Crocker SuperMoist Cake Mix Chocolate Fudge", "cnid": "176", "productId": "1114", "size": "15.2 oz box"},
{"thumb": "http://i4.peapod.com/c/KK/KKNHZ.gif", "price": "229", "unit_price": "$.15/ oz", "name": "Betty Crocker SuperMoist Cake Mix Devils Food", "cnid": "176", "productId": "1109", "size": "15.2 oz box"},
{"thumb": "http://i4.peapod.com/c/KK/KKNHZ.gif", "price": "199", "unit_price": "$.13/ oz", "name": "Betty Crocker SuperMoist Cake Mix Spice", "cnid": "176", "productId": "184305", "size": "15.2 oz box"},
{"thumb": "http://i4.peapod.com/c/KK/KKNHZ.gif", "price": "229", "unit_price": "$.14/ oz", "name": "Betty Crocker SuperMoist Cake Mix White", "cnid": "176", "productId": "26846", "size": "16.2 oz box"},
{"thumb": "http://i4.peapod.com/c/KK/KKNHZ.gif", "price": "229", "unit_price": "$.15/ oz", "name": "Betty Crocker SuperMoist Cake Mix Yellow", "cnid": "176", "productId": "1108", "size": "15.2 oz box"},
{"thumb": "http://i4.peapod.com/c/KK/KKNHZ.gif", "price": "319", "unit_price": "$.17/ oz", "name": "Betty Crocker Supreme Brownie Mix Original with Syrup Pouch", "cnid": "176", "productId": "1122", "size": "18.4 oz box"},
{"thumb": "http://i4.peapod.com/c/KK/KKNHZ.gif", "price": "319", "unit_price": "$.17/ oz", "name": "Betty Crocker Supreme Brownie Mix Triple Chunk", "cnid": "176", "productId": "130007", "size": "18.9 oz box"},
{"thumb": "http://i4.peapod.com/c/KK/KKNHZ.gif", "price": "439", "unit_price": "$.11/ oz", "name": "Bisquick Baking & Pancake Mix", "cnid": "176", "productId": "1099", "size": "40 oz box"},
{"thumb": "http://i4.peapod.com/c/KK/KKNHZ.gif", "price": "439", "unit_price": "$.11/ oz", "name": "Bisquick Heart Smart Baking & Pancake Mix Low Fat", "cnid": "176", "productId": "18531", "size": "40 oz box"},
{"thumb": "http://i4.peapod.com/c/KK/KKNHZ.gif", "price": "199", "unit_price": "$.39/ oz", "name": "Bisquick Shake 'n Pour Pancake Mix Buttermilk", "cnid": "176", "productId": "1136", "size": "5.1 oz btl"},
{"thumb": "http://i4.peapod.com/c/KK/KKNHZ.gif", "price": "279", "unit_price": "$.26/ oz", "name": "Bisquick Shake 'n Pour Pancake Mix Buttermilk", "cnid": "176", "productId": "141908", "size": "10.6 oz jug"},
{"thumb": "http://i4.peapod.com/c/KK/KKNHZ.gif", "price": "199", "unit_price": "$.23/ oz", "name": "Concord Foods Apple Crisp", "cnid": "176", "productId": "147150", "size": "8.5 oz box"},
{"thumb": "http://i4.peapod.com/c/KK/KKNHZ.gif", "price": "219", "unit_price": "$.71/ oz", "name": "Dr. Oetker Mousse Supreme Premium Mousse Mix Milk Chocolate", "cnid": "176", "productId": "183296", "size": "3.1 oz pkg"},
{"thumb": "http://i4.peapod.com/c/KK/KKNHZ.gif", "price": "150", "unit_price": "$.08/ oz", "name": "Duncan Hines Brownie Mix Chewy Fudge", "cnid": "176", "productId": "3639", "size": "19.9 oz box"},
{"thumb": "http://i4.peapod.com/c/KK/KKNHZ.gif", "price": "150", "unit_price": "$.08/ oz", "name": "Duncan Hines Brownie Mix Dark Chocolate Fudge Family Size", "cnid": "176", "productId": "29357", "size": "19.8 oz box"},
{"thumb": "http://i4.peapod.com/c/KK/KKNHZ.gif", "price": "125", "unit_price": "$.08/ oz", "name": "Duncan Hines Cake Mix Butter Golden Classic", "cnid": "176", "productId": "3633", "size": "16.5 oz box"},
{"thumb": "http://i4.peapod.com/c/KK/KKNHZ.gif", "price": "125", "unit_price": "$.08/ oz", "name": "Duncan Hines Classic Cake Mix Dark Chocolate Fudge", "cnid": "176", "productId": "80515", "size": "16.5 oz box"},
{"thumb": "http://i4.peapod.com/c/KK/KKNHZ.gif", "price": "125", "unit_price": "$.08/ oz", "name": "Duncan Hines Classic Cake Mix Devil's Food", "cnid": "176", "productId": "3629", "size": "16.5 oz box"},
{"thumb": "http://i4.peapod.com/c/KK/KKNHZ.gif", "price": "329", "unit_price": "$.16/ oz", "name": "Duncan Hines Decadent Ingredient Rich Cake Mix Triple Chocolate", "cnid": "176", "productId": "159961", "size": "21 oz box"},
{"thumb": "http://i4.peapod.com/c/KK/KKNHZ.gif", "price": "125", "unit_price": "$.07/ oz", "name": "Duncan Hines Moist Deluxe Cake Mix Classic Yellow", "cnid": "176", "productId": "3628", "size": "18.2 oz box"},
{"thumb": "http://i4.peapod.com/c/KK/KKNHZ.gif", "price": "150", "unit_price": "$.08/ oz", "name": "Duncan Hines Moist Deluxe Cake Mix Lemon Supreme", "cnid": "176", "productId": "3630", "size": "18.2 oz box"},
{"thumb": "http://i4.peapod.com/c/KK/KKNHZ.gif", "price": "150", "unit_price": "$.08/ oz", "name": "Duncan Hines Signature Cake Mix Fudge Marble", "cnid": "176", "productId": "26199", "size": "18.2 oz box"},
{"thumb": "http://i4.peapod.com/c/KK/KKNHZ.gif", "price": "150", "unit_price": "$.08/ oz", "name": "Duncan Hines Signature Cake Mix Red Velvet", "cnid": "176", "productId": "153906", "size": "18.2 oz box"},
{"thumb": "http://i4.peapod.com/c/KK/KKNHZ.gif", "price": "250", "unit_price": "$.12/ oz", "name": "Ghirardelli Brownie Mix Dark Chocolate", "cnid": "176", "productId": "160900", "size": "20 oz box"},
{"thumb": "http://i4.peapod.com/c/KK/KKNHZ.gif", "price": "250", "unit_price": "$.12/ oz", "name": "Ghirardelli Brownie Mix Double Chocolate", "cnid": "176", "productId": "94187", "size": "20 oz box"},
{"thumb": "http://i4.peapod.com/c/KK/KKNHZ.gif", "price": "299", "unit_price": "$.08/ oz", "name": "Jiffy Baking Mix for Biscuits", "cnid": "176", "productId": "8723", "size": "40 oz box"},
{"thumb": "http://i4.peapod.com/c/KK/KKNHZ.gif", "price": "95", "unit_price": "$.14/ oz", "name": "Jiffy Muffin Mix Blueberry", "cnid": "176", "productId": "8729", "size": "7 oz box"},
{"thumb": "http://i4.peapod.com/c/KK/KKNHZ.gif", "price": "59", "unit_price": "$.07/ oz", "name": "Jiffy Muffin Mix Corn", "cnid": "176", "productId": "8728", "size": "8.5 oz box"},
{"thumb": "http://i4.peapod.com/c/KK/KKNHZ.gif", "price": "200", "unit_price": "$.11/ oz", "name": "Krusteaz Bakery Style Cookie Mix Chocolate Chunk", "cnid": "176", "productId": "166849", "size": "17.5 oz box"},
{"thumb": "http://i4.peapod.com/c/KK/KKNHZ.gif", "price": "250", "unit_price": "$.15/ oz", "name": "Krusteaz Muffin Mix Wild Blueberry", "cnid": "176", "productId": "112056", "size": "16.5 oz box"},
{"thumb": "http://i4.peapod.com/c/KK/KKNHZ.gif", "price": "299", "unit_price": "$.11/ oz", "name": "Log Cabin Pancake Mix All Natural", "cnid": "176", "productId": "189756", "size": "28 oz box"},
{"thumb": "http://i4.peapod.com/c/KK/KKNHZ.gif", "price": "569", "unit_price": "$.63/ oz", "name": "Manischewitz Griddle Pancake Mix", "cnid": "176", "productId": "18832", "size": "9 oz box"},
{"thumb": "http://i4.peapod.com/c/KK/KKNHZ.gif", "price": "250", "unit_price": "$.42/ oz", "name": "Manischewitz Potato Pancake Mix", "cnid": "176", "productId": "8775", "size": "6 oz box"},
{"thumb": "http://i4.peapod.com/c/KK/KKNHZ.gif", "price": "400", "unit_price": "$.17/ oz", "name": "Maple Grove Farms Pancake & Waffle Mix Buttermilk & Honey", "cnid": "176", "productId": "57569", "size": "24 oz box"},
{"thumb": "http://i4.peapod.com/c/KK/KKNHZ.gif", "price": "400", "unit_price": "$.17/ oz", "name": "Maple Grove Farms Pancake & Waffle Mix Honey Buckwheat All Natural", "cnid": "176", "productId": "162009", "size": "24 oz pkg"},
{"thumb": "http://i4.peapod.com/c/KK/KKNHZ.gif", "price": "399", "unit_price": "$.29/ oz", "name": "No Pudge! Brownie Mix Fat Free Original All Natural", "cnid": "176", "productId": "127490", "size": "13.7 oz box"},
{"thumb": "http://i4.peapod.com/c/KK/KKNHZ.gif", "price": "699", "unit_price": "$.29/ oz", "name": "Pamela's Baking & Pancake Mix Gluten & Wheat Free All Natural", "cnid": "176", "productId": "156524", "size": "24 oz pkg"},
{"thumb": "http://i4.peapod.com/c/KK/KKNHZ.gif", "price": "199", "unit_price": "$.10/ oz", "name": "Pillsbury Brownie Mix Chocolate Fudge Family Size", "cnid": "176", "productId": "94861", "size": "19.5 oz box"},
{"thumb": "http://i4.peapod.com/c/KK/KKNHZ.gif", "price": "193", "unit_price": "$.13/ oz", "name": "Pillsbury Moist Supreme Cake Mix Classic White", "cnid": "176", "productId": "41090", "size": "15.2 oz box"},
{"thumb": "http://i4.peapod.com/c/KK/KKNHZ.gif", "price": "193", "unit_price": "$.13/ oz", "name": "Pillsbury Moist Supreme Cake Mix Devils Food", "cnid": "176", "productId": "41035", "size": "15.2 oz box"},
{"thumb": "http://i4.peapod.com/c/KK/KKNHZ.gif", "price": "193", "unit_price": "$.13/ oz", "name": "Pillsbury Moist Supreme Cake Mix Yellow", "cnid": "176", "productId": "41089", "size": "15.2 oz box"},
{"thumb": "http://i4.peapod.com/c/KK/KKNHZ.gif", "price": "193", "unit_price": "$.13/ oz", "name": "Pillsbury Premium Cake Mix Funfetti", "cnid": "176", "productId": "41091", "size": "15.2 oz box"},
{"thumb": "http://i4.peapod.com/c/KK/KKNHZ.gif", "price": "279", "unit_price": "$.16/ oz", "name": "Pillsbury Quick Bread & Coffee Cake Mix Cinnamon Swirl", "cnid": "176", "productId": "44680", "size": "17.4 oz box"},
{"thumb": "http://i4.peapod.com/c/KK/KKNHZ.gif", "price": "279", "unit_price": "$.20/ oz", "name": "Pillsbury Quick Bread & Muffin Mix Banana", "cnid": "176", "productId": "1425", "size": "14 oz box"},
{"thumb": "http://i4.peapod.com/c/KK/KKNHZ.gif", "price": "279", "unit_price": "$.18/ oz", "name": "Pillsbury Quick Bread & Muffin Mix Cranberry", "cnid": "176", "productId": "1424", "size": "15.6 oz box"},
{"thumb": "http://i4.peapod.com/c/KK/KKNHZ.gif", "price": "279", "unit_price": "$.20/ oz", "name": "Pillsbury Quick Bread & Muffin Mix Pumpkin", "cnid": "176", "productId": "20561", "size": "14 oz box"},
{"thumb": "http://i4.peapod.com/c/KK/KKNHZ.gif", "price": "269", "unit_price": "$.08/ oz", "name": "Stop & Shop Complete Pancake & Waffle Mix Buttermilk", "cnid": "176", "productId": "57568", "size": "32 oz box"},
{"thumb": "http://i4.peapod.com/c/KK/KKNHZ.gif", "price": "250", "unit_price": "$.42/ oz", "name": "Streit's Potato Pancake Mix", "cnid": "176", "productId": "149544", "size": "6 oz box"},
{"thumb": "http://i4.peapod.com/c/KK/KKNHZ.gif", "price": "250", "unit_price": "$.08/ oz", "name": "Aunt Jemima Complete Pancake & Waffle Mix", "cnid": "569202054485", "productId": "2858", "size": "32 oz box"},
{"thumb": "http://i4.peapod.com/c/KK/KKNHZ.gif", "price": "250", "unit_price": "$.08/ oz", "name": "Aunt Jemima Complete Pancake Mix Buttermilk", "cnid": "569202054485", "productId": "2861", "size": "32 oz box"},
{"thumb": "http://i4.peapod.com/c/KK/KKNHZ.gif", "price": "250", "unit_price": "$.08/ oz", "name": "Aunt Jemima Pancake Mix Original", "cnid": "569202054485", "productId": "2856", "size": "32 oz box"},
{"thumb": "http://i4.peapod.com/c/KK/KKNHZ.gif", "price": "250", "unit_price": "$.07/ oz", "name": "Aunt Jemima Pancake Mix Whole Wheat", "cnid": "569202054485", "productId": "2860", "size": "35 oz box"},
{"thumb": "http://i4.peapod.com/c/KK/KKNHZ.gif", "price": "319", "unit_price": "$.20/ oz", "name": "Betty Crocker Angel Food Cake Mix White Fat Free", "cnid": "569202054485", "productId": "1116", "size": "16 oz box"},
{"thumb": "http://i4.peapod.com/c/KK/KKNHZ.gif", "price": "179", "unit_price": "$.10/ oz", "name": "Betty Crocker Brownie Mix Chewy Fudge", "cnid": "569202054485", "productId": "1119", "size": "18.3 oz box"},
{"thumb": "http://i4.peapod.com/c/KK/KKNHZ.gif", "price": "179", "unit_price": "$.09/ oz", "name": "Betty Crocker Brownie Mix Hershey's Dark Chocolate Fudge", "cnid": "569202054485", "productId": "43934", "size": "19.9 oz box"},
{"thumb": "http://i4.peapod.com/c/KK/KKNHZ.gif", "price": "299", "unit_price": "$.17/ oz", "name": "Betty Crocker Cookie Mix Chocolate Chip", "cnid": "569202054485", "productId": "63245", "size": "17.5 oz pkg"},
{"thumb": "http://i4.peapod.com/c/KK/KKNHZ.gif", "price": "299", "unit_price": "$.17/ oz", "name": "Betty Crocker Cookie Mix Oatmeal Chocolate Chip", "cnid": "569202054485", "productId": "117814", "size": "17.5 oz bag"},
{"thumb": "http://i4.peapod.com/c/KK/KKNHZ.gif", "price": "299", "unit_price": "$.17/ oz", "name": "Betty Crocker Cookie Mix Peanut Butter", "cnid": "569202054485", "productId": "63139", "size": "17.5 oz bag"},
{"thumb": "http://i4.peapod.com/c/KK/KKNHZ.gif", "price": "299", "unit_price": "$.17/ oz", "name": "Betty Crocker Cookie Mix Sugar", "cnid": "569202054485", "productId": "88163", "size": "17.5 oz bag"},
{"thumb": "http://i4.peapod.com/c/KK/KKNHZ.gif", "price": "369", "unit_price": "$.24/ oz", "name": "Betty Crocker FUN da-Middles Cupcake Mix Chocolate Creamy Vanilla Filling", "cnid": "569202054485", "productId": "174854", "size": "15.4 oz box"},
{"thumb": "http://i4.peapod.com/c/KK/KKNHZ.gif", "price": "329", "unit_price": "$.22/ oz", "name": "Betty Crocker Muffin & Quick Bread Mix Cinnamon Streusel", "cnid": "569202054485", "productId": "137293", "size": "15.2 oz box"},
{"thumb": "http://i4.peapod.com/c/KK/KKNHZ.gif", "price": "139", "unit_price": "$.21/ oz", "name": "Betty Crocker Muffin Mix Chocolate Chip", "cnid": "569202054485", "productId": "88368", "size": "6.5 oz bag"},
{"thumb": "http://i4.peapod.com/c/KK/KKNHZ.gif", "price": "329", "unit_price": "$.18/ oz", "name": "Betty Crocker Muffin Mix Wild Blueberry", "cnid": "569202054485", "productId": "23097", "size": "18.2 oz box"},
{"thumb": "http://i4.peapod.com/c/KK/KKNHZ.gif", "price": "99", "unit_price": "$.15/ oz", "name": "Betty Crocker Pizza Crust Mix", "cnid": "569202054485", "productId": "76267", "size": "6.5 oz pkg"},
{"thumb": "http://i4.peapod.com/c/KK/KKNHZ.gif", "price": "299", "unit_price": "$.19/ oz", "name": "Betty Crocker Pound Cake Mix", "cnid": "569202054485", "productId": "23385", "size": "16 oz box"},
{"thumb": "http://i4.peapod.com/c/KK/KKNHZ.gif", "price": "229", "unit_price": "$.15/ oz", "name": "Betty Crocker SuperMoist Cake Mix Butter", "cnid": "569202054485", "productId": "23387", "size": "15.2 oz box"},
{"thumb": "http://i4.peapod.com/c/KK/KKNHZ.gif", "price": "229", "unit_price": "$.15/ oz", "name": "Betty Crocker SuperMoist Cake Mix Carrot", "cnid": "569202054485", "productId": "1115", "size": "15.2 oz box"},
{"thumb": "http://i4.peapod.com/c/KK/KKNHZ.gif", "price": "229", "unit_price": "$.15/ oz", "name": "Betty Crocker SuperMoist Cake Mix Chocolate Fudge", "cnid": "569202054485", "productId": "1114", "size": "15.2 oz box"},
{"thumb": "http://i4.peapod.com/c/KK/KKNHZ.gif", "price": "229", "unit_price": "$.15/ oz", "name": "Betty Crocker SuperMoist Cake Mix Devils Food", "cnid": "569202054485", "productId": "1109", "size": "15.2 oz box"},
{"thumb": "http://i4.peapod.com/c/KK/KKNHZ.gif", "price": "199", "unit_price": "$.13/ oz", "name": "Betty Crocker SuperMoist Cake Mix Spice", "cnid": "569202054485", "productId": "184305", "size": "15.2 oz box"},
{"thumb": "http://i4.peapod.com/c/KK/KKNHZ.gif", "price": "229", "unit_price": "$.14/ oz", "name": "Betty Crocker SuperMoist Cake Mix White", "cnid": "569202054485", "productId": "26846", "size": "16.2 oz box"},
{"thumb": "http://i4.peapod.com/c/KK/KKNHZ.gif", "price": "229", "unit_price": "$.15/ oz", "name": "Betty Crocker SuperMoist Cake Mix Yellow", "cnid": "569202054485", "productId": "1108", "size": "15.2 oz box"},
{"thumb": "http://i4.peapod.com/c/KK/KKNHZ.gif", "price": "319", "unit_price": "$.17/ oz", "name": "Betty Crocker Supreme Brownie Mix Original with Syrup Pouch", "cnid": "569202054485", "productId": "1122", "size": "18.4 oz box"},
{"thumb": "http://i4.peapod.com/c/KK/KKNHZ.gif", "price": "319", "unit_price": "$.17/ oz", "name": "Betty Crocker Supreme Brownie Mix Triple Chunk", "cnid": "569202054485", "productId": "130007", "size": "18.9 oz box"},
{"thumb": "http://i4.peapod.com/c/KK/KKNHZ.gif", "price": "439", "unit_price": "$.11/ oz", "name": "Bisquick Baking & Pancake Mix", "cnid": "569202054485", "productId": "1099", "size": "40 oz box"},
{"thumb": "http://i4.peapod.com/c/KK/KKNHZ.gif", "price": "439", "unit_price": "$.11/ oz", "name": "Bisquick Heart Smart Baking & Pancake Mix Low Fat", "cnid": "569202054485", "productId": "18531", "size": "40 oz box"},
{"thumb": "http://i4.peapod.com/c/KK/KKNHZ.gif", "price": "199", "unit_price": "$.39/ oz", "name": "Bisquick Shake 'n Pour Pancake Mix Buttermilk", "cnid": "569202054485", "productId": "1136", "size": "5.1 oz btl"},
{"thumb": "http://i4.peapod.com/c/KK/KKNHZ.gif", "price": "279", "unit_price": "$.26/ oz", "name": "Bisquick Shake 'n Pour Pancake Mix Buttermilk", "cnid": "569202054485", "productId": "141908", "size": "10.6 oz jug"},
{"thumb": "http://i4.peapod.com/c/KK/KKNHZ.gif", "price": "199", "unit_price": "$.23/ oz", "name": "Concord Foods Apple Crisp", "cnid": "569202054485", "productId": "147150", "size": "8.5 oz box"},
{"thumb": "http://i4.peapod.com/c/KK/KKNHZ.gif", "price": "219", "unit_price": "$.71/ oz", "name": "Dr. Oetker Mousse Supreme Premium Mousse Mix Milk Chocolate", "cnid": "569202054485", "productId": "183296", "size": "3.1 oz pkg"},
{"thumb": "http://i4.peapod.com/c/KK/KKNHZ.gif", "price": "150", "unit_price": "$.08/ oz", "name": "Duncan Hines Brownie Mix Chewy Fudge", "cnid": "569202054485", "productId": "3639", "size": "19.9 oz box"},
{"thumb": "http://i4.peapod.com/c/KK/KKNHZ.gif", "price": "150", "unit_price": "$.08/ oz", "name": "Duncan Hines Brownie Mix Dark Chocolate Fudge Family Size", "cnid": "569202054485", "productId": "29357", "size": "19.8 oz box"},
{"thumb": "http://i4.peapod.com/c/KK/KKNHZ.gif", "price": "125", "unit_price": "$.08/ oz", "name": "Duncan Hines Cake Mix Butter Golden Classic", "cnid": "569202054485", "productId": "3633", "size": "16.5 oz box"},
{"thumb": "http://i4.peapod.com/c/KK/KKNHZ.gif", "price": "125", "unit_price": "$.08/ oz", "name": "Duncan Hines Classic Cake Mix Dark Chocolate Fudge", "cnid": "569202054485", "productId": "80515", "size": "16.5 oz box"},
{"thumb": "http://i4.peapod.com/c/KK/KKNHZ.gif", "price": "125", "unit_price": "$.08/ oz", "name": "Duncan Hines Classic Cake Mix Devil's Food", "cnid": "569202054485", "productId": "3629", "size": "16.5 oz box"},
{"thumb": "http://i4.peapod.com/c/KK/KKNHZ.gif", "price": "329", "unit_price": "$.16/ oz", "name": "Duncan Hines Decadent Ingredient Rich Cake Mix Triple Chocolate", "cnid": "569202054485", "productId": "159961", "size": "21 oz box"},
{"thumb": "http://i4.peapod.com/c/KK/KKNHZ.gif", "price": "125", "unit_price": "$.07/ oz", "name": "Duncan Hines Moist Deluxe Cake Mix Classic Yellow", "cnid": "569202054485", "productId": "3628", "size": "18.2 oz box"},
{"thumb": "http://i4.peapod.com/c/KK/KKNHZ.gif", "price": "150", "unit_price": "$.08/ oz", "name": "Duncan Hines Moist Deluxe Cake Mix Lemon Supreme", "cnid": "569202054485", "productId": "3630", "size": "18.2 oz box"},
{"thumb": "http://i4.peapod.com/c/KK/KKNHZ.gif", "price": "150", "unit_price": "$.08/ oz", "name": "Duncan Hines Signature Cake Mix Fudge Marble", "cnid": "569202054485", "productId": "26199", "size": "18.2 oz box"},
{"thumb": "http://i4.peapod.com/c/KK/KKNHZ.gif", "price": "150", "unit_price": "$.08/ oz", "name": "Duncan Hines Signature Cake Mix Red Velvet", "cnid": "569202054485", "productId": "153906", "size": "18.2 oz box"},
{"thumb": "http://i4.peapod.com/c/KK/KKNHZ.gif", "price": "250", "unit_price": "$.12/ oz", "name": "Ghirardelli Brownie Mix Dark Chocolate", "cnid": "569202054485", "productId": "160900", "size": "20 oz box"},
{"thumb": "http://i4.peapod.com/c/KK/KKNHZ.gif", "price": "250", "unit_price": "$.12/ oz", "name": "Ghirardelli Brownie Mix Double Chocolate", "cnid": "569202054485", "productId": "94187", "size": "20 oz box"},
{"thumb": "http://i4.peapod.com/c/KK/KKNHZ.gif", "price": "299", "unit_price": "$.08/ oz", "name": "Jiffy Baking Mix for Biscuits", "cnid": "569202054485", "productId": "8723", "size": "40 oz box"},
{"thumb": "http://i4.peapod.com/c/KK/KKNHZ.gif", "price": "95", "unit_price": "$.14/ oz", "name": "Jiffy Muffin Mix Blueberry", "cnid": "569202054485", "productId": "8729", "size": "7 oz box"},
{"thumb": "http://i4.peapod.com/c/KK/KKNHZ.gif", "price": "59", "unit_price": "$.07/ oz", "name": "Jiffy Muffin Mix Corn", "cnid": "569202054485", "productId": "8728", "size": "8.5 oz box"},
{"thumb": "http://i4.peapod.com/c/KK/KKNHZ.gif", "price": "200", "unit_price": "$.11/ oz", "name": "Krusteaz Bakery Style Cookie Mix Chocolate Chunk", "cnid": "569202054485", "productId": "166849", "size": "17.5 oz box"},
{"thumb": "http://i4.peapod.com/c/KK/KKNHZ.gif", "price": "250", "unit_price": "$.15/ oz", "name": "Krusteaz Muffin Mix Wild Blueberry", "cnid": "569202054485", "productId": "112056", "size": "16.5 oz box"},
{"thumb": "http://i4.peapod.com/c/KK/KKNHZ.gif", "price": "299", "unit_price": "$.11/ oz", "name": "Log Cabin Pancake Mix All Natural", "cnid": "569202054485", "productId": "189756", "size": "28 oz box"},
{"thumb": "http://i4.peapod.com/c/KK/KKNHZ.gif", "price": "569", "unit_price": "$.63/ oz", "name": "Manischewitz Griddle Pancake Mix", "cnid": "569202054485", "productId": "18832", "size": "9 oz box"},
{"thumb": "http://i4.peapod.com/c/KK/KKNHZ.gif", "price": "250", "unit_price": "$.42/ oz", "name": "Manischewitz Potato Pancake Mix", "cnid": "569202054485", "productId": "8775", "size": "6 oz box"},
{"thumb": "http://i4.peapod.com/c/KK/KKNHZ.gif", "price": "400", "unit_price": "$.17/ oz", "name": "Maple Grove Farms Pancake & Waffle Mix Buttermilk & Honey", "cnid": "569202054485", "productId": "57569", "size": "24 oz box"},
{"thumb": "http://i4.peapod.com/c/KK/KKNHZ.gif", "price": "400", "unit_price": "$.17/ oz", "name": "Maple Grove Farms Pancake & Waffle Mix Honey Buckwheat All Natural", "cnid": "569202054485", "productId": "162009", "size": "24 oz pkg"},
{"thumb": "http://i4.peapod.com/c/KK/KKNHZ.gif", "price": "399", "unit_price": "$.29/ oz", "name": "No Pudge! Brownie Mix Fat Free Original All Natural", "cnid": "569202054485", "productId": "127490", "size": "13.7 oz box"},
{"thumb": "http://i4.peapod.com/c/KK/KKNHZ.gif", "price": "699", "unit_price": "$.29/ oz", "name": "Pamela's Baking & Pancake Mix Gluten & Wheat Free All Natural", "cnid": "569202054485", "productId": "156524", "size": "24 oz pkg"},
{"thumb": "http://i4.peapod.com/c/KK/KKNHZ.gif", "price": "199", "unit_price": "$.10/ oz", "name": "Pillsbury Brownie Mix Chocolate Fudge Family Size", "cnid": "569202054485", "productId": "94861", "size": "19.5 oz box"},
{"thumb": "http://i4.peapod.com/c/KK/KKNHZ.gif", "price": "193", "unit_price": "$.13/ oz", "name": "Pillsbury Moist Supreme Cake Mix Classic White", "cnid": "569202054485", "productId": "41090", "size": "15.2 oz box"},
{"thumb": "http://i4.peapod.com/c/KK/KKNHZ.gif", "price": "193", "unit_price": "$.13/ oz", "name": "Pillsbury Moist Supreme Cake Mix Devils Food", "cnid": "569202054485", "productId": "41035", "size": "15.2 oz box"},
{"thumb": "http://i4.peapod.com/c/KK/KKNHZ.gif", "price": "193", "unit_price": "$.13/ oz", "name": "Pillsbury Moist Supreme Cake Mix Yellow", "cnid": "569202054485", "productId": "41089", "size": "15.2 oz box"},
{"thumb": "http://i4.peapod.com/c/KK/KKNHZ.gif", "price": "193", "unit_price": "$.13/ oz", "name": "Pillsbury Premium Cake Mix Funfetti", "cnid": "569202054485", "productId": "41091", "size": "15.2 oz box"},
{"thumb": "http://i4.peapod.com/c/KK/KKNHZ.gif", "price": "279", "unit_price": "$.16/ oz", "name": "Pillsbury Quick Bread & Coffee Cake Mix Cinnamon Swirl", "cnid": "569202054485", "productId": "44680", "size": "17.4 oz box"},
{"thumb": "http://i4.peapod.com/c/KK/KKNHZ.gif", "price": "279", "unit_price": "$.20/ oz", "name": "Pillsbury Quick Bread & Muffin Mix Banana", "cnid": "569202054485", "productId": "1425", "size": "14 oz box"},
{"thumb": "http://i4.peapod.com/c/KK/KKNHZ.gif", "price": "279", "unit_price": "$.18/ oz", "name": "Pillsbury Quick Bread & Muffin Mix Cranberry", "cnid": "569202054485", "productId": "1424", "size": "15.6 oz box"},
{"thumb": "http://i4.peapod.com/c/KK/KKNHZ.gif", "price": "279", "unit_price": "$.20/ oz", "name": "Pillsbury Quick Bread & Muffin Mix Pumpkin", "cnid": "569202054485", "productId": "20561", "size": "14 oz box"},
{"thumb": "http://i4.peapod.com/c/KK/KKNHZ.gif", "price": "269", "unit_price": "$.08/ oz", "name": "Stop & Shop Complete Pancake & Waffle Mix Buttermilk", "cnid": "569202054485", "productId": "57568", "size": "32 oz box"},
{"thumb": "http://i4.peapod.com/c/KK/KKNHZ.gif", "price": "250", "unit_price": "$.42/ oz", "name": "Streit's Potato Pancake Mix", "cnid": "569202054485", "productId": "149544", "size": "6 oz box"},
{"thumb": "http://i4.peapod.com/c/KK/KKNHZ.gif", "price": "250", "unit_price": "$.08/ oz", "name": "Aunt Jemima Complete Pancake & Waffle Mix", "cnid": "5692035180", "productId": "2858", "size": "32 oz box"},
{"thumb": "http://i4.peapod.com/c/KK/KKNHZ.gif", "price": "250", "unit_price": "$.08/ oz", "name": "Aunt Jemima Complete Pancake Mix Buttermilk", "cnid": "5692035180", "productId": "2861", "size": "32 oz box"},
{"thumb": "http://i4.peapod.com/c/KK/KKNHZ.gif", "price": "250", "unit_price": "$.08/ oz", "name": "Aunt Jemima Pancake Mix Original", "cnid": "5692035180", "productId": "2856", "size": "32 oz box"},
{"thumb": "http://i4.peapod.com/c/KK/KKNHZ.gif", "price": "250", "unit_price": "$.07/ oz", "name": "Aunt Jemima Pancake Mix Whole Wheat", "cnid": "5692035180", "productId": "2860", "size": "35 oz box"},
{"thumb": "http://i4.peapod.com/c/KK/KKNHZ.gif", "price": "319", "unit_price": "$.20/ oz", "name": "Betty Crocker Angel Food Cake Mix White Fat Free", "cnid": "5692035180", "productId": "1116", "size": "16 oz box"},
{"thumb": "http://i4.peapod.com/c/KK/KKNHZ.gif", "price": "179", "unit_price": "$.10/ oz", "name": "Betty Crocker Brownie Mix Chewy Fudge", "cnid": "5692035180", "productId": "1119", "size": "18.3 oz box"},
{"thumb": "http://i4.peapod.com/c/KK/KKNHZ.gif", "price": "179", "unit_price": "$.09/ oz", "name": "Betty Crocker Brownie Mix Hershey's Dark Chocolate Fudge", "cnid": "5692035180", "productId": "43934", "size": "19.9 oz box"},
{"thumb": "http://i4.peapod.com/c/KK/KKNHZ.gif", "price": "299", "unit_price": "$.17/ oz", "name": "Betty Crocker Cookie Mix Chocolate Chip", "cnid": "5692035180", "productId": "63245", "size": "17.5 oz pkg"},
{"thumb": "http://i4.peapod.com/c/KK/KKNHZ.gif", "price": "299", "unit_price": "$.17/ oz", "name": "Betty Crocker Cookie Mix Oatmeal Chocolate Chip", "cnid": "5692035180", "productId": "117814", "size": "17.5 oz bag"},
{"thumb": "http://i4.peapod.com/c/KK/KKNHZ.gif", "price": "299", "unit_price": "$.17/ oz", "name": "Betty Crocker Cookie Mix Peanut Butter", "cnid": "5692035180", "productId": "63139", "size": "17.5 oz bag"},
{"thumb": "http://i4.peapod.com/c/KK/KKNHZ.gif", "price": "299", "unit_price": "$.17/ oz", "name": "Betty Crocker Cookie Mix Sugar", "cnid": "5692035180", "productId": "88163", "size": "17.5 oz bag"},
{"thumb": "http://i4.peapod.com/c/KK/KKNHZ.gif", "price": "369", "unit_price": "$.24/ oz", "name": "Betty Crocker FUN da-Middles Cupcake Mix Chocolate Creamy Vanilla Filling", "cnid": "5692035180", "productId": "174854", "size": "15.4 oz box"},
{"thumb": "http://i4.peapod.com/c/KK/KKNHZ.gif", "price": "329", "unit_price": "$.22/ oz", "name": "Betty Crocker Muffin & Quick Bread Mix Cinnamon Streusel", "cnid": "5692035180", "productId": "137293", "size": "15.2 oz box"},
{"thumb": "http://i4.peapod.com/c/KK/KKNHZ.gif", "price": "139", "unit_price": "$.21/ oz", "name": "Betty Crocker Muffin Mix Chocolate Chip", "cnid": "5692035180", "productId": "88368", "size": "6.5 oz bag"},
{"thumb": "http://i4.peapod.com/c/KK/KKNHZ.gif", "price": "329", "unit_price": "$.18/ oz", "name": "Betty Crocker Muffin Mix Wild Blueberry", "cnid": "5692035180", "productId": "23097", "size": "18.2 oz box"},
{"thumb": "http://i4.peapod.com/c/KK/KKNHZ.gif", "price": "99", "unit_price": "$.15/ oz", "name": "Betty Crocker Pizza Crust Mix", "cnid": "5692035180", "productId": "76267", "size": "6.5 oz pkg"},
{"thumb": "http://i4.peapod.com/c/KK/KKNHZ.gif", "price": "299", "unit_price": "$.19/ oz", "name": "Betty Crocker Pound Cake Mix", "cnid": "5692035180", "productId": "23385", "size": "16 oz box"},
{"thumb": "http://i4.peapod.com/c/KK/KKNHZ.gif", "price": "229", "unit_price": "$.15/ oz", "name": "Betty Crocker SuperMoist Cake Mix Butter", "cnid": "5692035180", "productId": "23387", "size": "15.2 oz box"},
{"thumb": "http://i4.peapod.com/c/KK/KKNHZ.gif", "price": "229", "unit_price": "$.15/ oz", "name": "Betty Crocker SuperMoist Cake Mix Carrot", "cnid": "5692035180", "productId": "1115", "size": "15.2 oz box"},
{"thumb": "http://i4.peapod.com/c/KK/KKNHZ.gif", "price": "229", "unit_price": "$.15/ oz", "name": "Betty Crocker SuperMoist Cake Mix Chocolate Fudge", "cnid": "5692035180", "productId": "1114", "size": "15.2 oz box"},
{"thumb": "http://i4.peapod.com/c/KK/KKNHZ.gif", "price": "229", "unit_price": "$.15/ oz", "name": "Betty Crocker SuperMoist Cake Mix Devils Food", "cnid": "5692035180", "productId": "1109", "size": "15.2 oz box"},
{"thumb": "http://i4.peapod.com/c/KK/KKNHZ.gif", "price": "199", "unit_price": "$.13/ oz", "name": "Betty Crocker SuperMoist Cake Mix Spice", "cnid": "5692035180", "productId": "184305", "size": "15.2 oz box"},
{"thumb": "http://i4.peapod.com/c/KK/KKNHZ.gif", "price": "229", "unit_price": "$.14/ oz", "name": "Betty Crocker SuperMoist Cake Mix White", "cnid": "5692035180", "productId": "26846", "size": "16.2 oz box"},
{"thumb": "http://i4.peapod.com/c/KK/KKNHZ.gif", "price": "229", "unit_price": "$.15/ oz", "name": "Betty Crocker SuperMoist Cake Mix Yellow", "cnid": "5692035180", "productId": "1108", "size": "15.2 oz box"},
{"thumb": "http://i4.peapod.com/c/KK/KKNHZ.gif", "price": "319", "unit_price": "$.17/ oz", "name": "Betty Crocker Supreme Brownie Mix Original with Syrup Pouch", "cnid": "5692035180", "productId": "1122", "size": "18.4 oz box"},
{"thumb": "http://i4.peapod.com/c/KK/KKNHZ.gif", "price": "319", "unit_price": "$.17/ oz", "name": "Betty Crocker Supreme Brownie Mix Triple Chunk", "cnid": "5692035180", "productId": "130007", "size": "18.9 oz box"},
{"thumb": "http://i4.peapod.com/c/KK/KKNHZ.gif", "price": "439", "unit_price": "$.11/ oz", "name": "Bisquick Baking & Pancake Mix", "cnid": "5692035180", "productId": "1099", "size": "40 oz box"},
{"thumb": "http://i4.peapod.com/c/KK/KKNHZ.gif", "price": "439", "unit_price": "$.11/ oz", "name": "Bisquick Heart Smart Baking & Pancake Mix Low Fat", "cnid": "5692035180", "productId": "18531", "size": "40 oz box"},
{"thumb": "http://i4.peapod.com/c/KK/KKNHZ.gif", "price": "199", "unit_price": "$.39/ oz", "name": "Bisquick Shake 'n Pour Pancake Mix Buttermilk", "cnid": "5692035180", "productId": "1136", "size": "5.1 oz btl"},
{"thumb": "http://i4.peapod.com/c/KK/KKNHZ.gif", "price": "279", "unit_price": "$.26/ oz", "name": "Bisquick Shake 'n Pour Pancake Mix Buttermilk", "cnid": "5692035180", "productId": "141908", "size": "10.6 oz jug"},
{"thumb": "http://i4.peapod.com/c/KK/KKNHZ.gif", "price": "199", "unit_price": "$.23/ oz", "name": "Concord Foods Apple Crisp", "cnid": "5692035180", "productId": "147150", "size": "8.5 oz box"},
{"thumb": "http://i4.peapod.com/c/KK/KKNHZ.gif", "price": "219", "unit_price": "$.71/ oz", "name": "Dr. Oetker Mousse Supreme Premium Mousse Mix Milk Chocolate", "cnid": "5692035180", "productId": "183296", "size": "3.1 oz pkg"},
{"thumb": "http://i4.peapod.com/c/KK/KKNHZ.gif", "price": "150", "unit_price": "$.08/ oz", "name": "Duncan Hines Brownie Mix Chewy Fudge", "cnid": "5692035180", "productId": "3639", "size": "19.9 oz box"},
{"thumb": "http://i4.peapod.com/c/KK/KKNHZ.gif", "price": "150", "unit_price": "$.08/ oz", "name": "Duncan Hines Brownie Mix Dark Chocolate Fudge Family Size", "cnid": "5692035180", "productId": "29357", "size": "19.8 oz box"},
{"thumb": "http://i4.peapod.com/c/KK/KKNHZ.gif", "price": "125", "unit_price": "$.08/ oz", "name": "Duncan Hines Cake Mix Butter Golden Classic", "cnid": "5692035180", "productId": "3633", "size": "16.5 oz box"},
{"thumb": "http://i4.peapod.com/c/KK/KKNHZ.gif", "price": "125", "unit_price": "$.08/ oz", "name": "Duncan Hines Classic Cake Mix Dark Chocolate Fudge", "cnid": "5692035180", "productId": "80515", "size": "16.5 oz box"},
{"thumb": "http://i4.peapod.com/c/KK/KKNHZ.gif", "price": "125", "unit_price": "$.08/ oz", "name": "Duncan Hines Classic Cake Mix Devil's Food", "cnid": "5692035180", "productId": "3629", "size": "16.5 oz box"},
{"thumb": "http://i4.peapod.com/c/KK/KKNHZ.gif", "price": "329", "unit_price": "$.16/ oz", "name": "Duncan Hines Decadent Ingredient Rich Cake Mix Triple Chocolate", "cnid": "5692035180", "productId": "159961", "size": "21 oz box"},
{"thumb": "http://i4.peapod.com/c/KK/KKNHZ.gif", "price": "125", "unit_price": "$.07/ oz", "name": "Duncan Hines Moist Deluxe Cake Mix Classic Yellow", "cnid": "5692035180", "productId": "3628", "size": "18.2 oz box"},
{"thumb": "http://i4.peapod.com/c/KK/KKNHZ.gif", "price": "150", "unit_price": "$.08/ oz", "name": "Duncan Hines Moist Deluxe Cake Mix Lemon Supreme", "cnid": "5692035180", "productId": "3630", "size": "18.2 oz box"},
{"thumb": "http://i4.peapod.com/c/KK/KKNHZ.gif", "price": "150", "unit_price": "$.08/ oz", "name": "Duncan Hines Signature Cake Mix Fudge Marble", "cnid": "5692035180", "productId": "26199", "size": "18.2 oz box"},
{"thumb": "http://i4.peapod.com/c/KK/KKNHZ.gif", "price": "150", "unit_price": "$.08/ oz", "name": "Duncan Hines Signature Cake Mix Red Velvet", "cnid": "5692035180", "productId": "153906", "size": "18.2 oz box"},
{"thumb": "http://i4.peapod.com/c/KK/KKNHZ.gif", "price": "250", "unit_price": "$.12/ oz", "name": "Ghirardelli Brownie Mix Dark Chocolate", "cnid": "5692035180", "productId": "160900", "size": "20 oz box"},
{"thumb": "http://i4.peapod.com/c/KK/KKNHZ.gif", "price": "250", "unit_price": "$.12/ oz", "name": "Ghirardelli Brownie Mix Double Chocolate", "cnid": "5692035180", "productId": "94187", "size": "20 oz box"},
{"thumb": "http://i4.peapod.com/c/KK/KKNHZ.gif", "price": "299", "unit_price": "$.08/ oz", "name": "Jiffy Baking Mix for Biscuits", "cnid": "5692035180", "productId": "8723", "size": "40 oz box"},
{"thumb": "http://i4.peapod.com/c/KK/KKNHZ.gif", "price": "95", "unit_price": "$.14/ oz", "name": "Jiffy Muffin Mix Blueberry", "cnid": "5692035180", "productId": "8729", "size": "7 oz box"},
{"thumb": "http://i4.peapod.com/c/KK/KKNHZ.gif", "price": "59", "unit_price": "$.07/ oz", "name": "Jiffy Muffin Mix Corn", "cnid": "5692035180", "productId": "8728", "size": "8.5 oz box"},
{"thumb": "http://i4.peapod.com/c/KK/KKNHZ.gif", "price": "200", "unit_price": "$.11/ oz", "name": "Krusteaz Bakery Style Cookie Mix Chocolate Chunk", "cnid": "5692035180", "productId": "166849", "size": "17.5 oz box"},
{"thumb": "http://i4.peapod.com/c/KK/KKNHZ.gif", "price": "250", "unit_price": "$.15/ oz", "name": "Krusteaz Muffin Mix Wild Blueberry", "cnid": "5692035180", "productId": "112056", "size": "16.5 oz box"},
{"thumb": "http://i4.peapod.com/c/KK/KKNHZ.gif", "price": "299", "unit_price": "$.11/ oz", "name": "Log Cabin Pancake Mix All Natural", "cnid": "5692035180", "productId": "189756", "size": "28 oz box"},
{"thumb": "http://i4.peapod.com/c/KK/KKNHZ.gif", "price": "569", "unit_price": "$.63/ oz", "name": "Manischewitz Griddle Pancake Mix", "cnid": "5692035180", "productId": "18832", "size": "9 oz box"},
{"thumb": "http://i4.peapod.com/c/KK/KKNHZ.gif", "price": "250", "unit_price": "$.42/ oz", "name": "Manischewitz Potato Pancake Mix", "cnid": "5692035180", "productId": "8775", "size": "6 oz box"},
{"thumb": "http://i4.peapod.com/c/KK/KKNHZ.gif", "price": "400", "unit_price": "$.17/ oz", "name": "Maple Grove Farms Pancake & Waffle Mix Buttermilk & Honey", "cnid": "5692035180", "productId": "57569", "size": "24 oz box"},
{"thumb": "http://i4.peapod.com/c/KK/KKNHZ.gif", "price": "400", "unit_price": "$.17/ oz", "name": "Maple Grove Farms Pancake & Waffle Mix Honey Buckwheat All Natural", "cnid": "5692035180", "productId": "162009", "size": "24 oz pkg"},
{"thumb": "http://i4.peapod.com/c/KK/KKNHZ.gif", "price": "399", "unit_price": "$.29/ oz", "name": "No Pudge! Brownie Mix Fat Free Original All Natural", "cnid": "5692035180", "productId": "127490", "size": "13.7 oz box"},
{"thumb": "http://i4.peapod.com/c/KK/KKNHZ.gif", "price": "699", "unit_price": "$.29/ oz", "name": "Pamela's Baking & Pancake Mix Gluten & Wheat Free All Natural", "cnid": "5692035180", "productId": "156524", "size": "24 oz pkg"},
{"thumb": "http://i4.peapod.com/c/KK/KKNHZ.gif", "price": "199", "unit_price": "$.10/ oz", "name": "Pillsbury Brownie Mix Chocolate Fudge Family Size", "cnid": "5692035180", "productId": "94861", "size": "19.5 oz box"},
{"thumb": "http://i4.peapod.com/c/KK/KKNHZ.gif", "price": "193", "unit_price": "$.13/ oz", "name": "Pillsbury Moist Supreme Cake Mix Classic White", "cnid": "5692035180", "productId": "41090", "size": "15.2 oz box"},
{"thumb": "http://i4.peapod.com/c/KK/KKNHZ.gif", "price": "193", "unit_price": "$.13/ oz", "name": "Pillsbury Moist Supreme Cake Mix Devils Food", "cnid": "5692035180", "productId": "41035", "size": "15.2 oz box"},
{"thumb": "http://i4.peapod.com/c/KK/KKNHZ.gif", "price": "193", "unit_price": "$.13/ oz", "name": "Pillsbury Moist Supreme Cake Mix Yellow", "cnid": "5692035180", "productId": "41089", "size": "15.2 oz box"},
{"thumb": "http://i4.peapod.com/c/KK/KKNHZ.gif", "price": "193", "unit_price": "$.13/ oz", "name": "Pillsbury Premium Cake Mix Funfetti", "cnid": "5692035180", "productId": "41091", "size": "15.2 oz box"},
{"thumb": "http://i4.peapod.com/c/KK/KKNHZ.gif", "price": "279", "unit_price": "$.16/ oz", "name": "Pillsbury Quick Bread & Coffee Cake Mix Cinnamon Swirl", "cnid": "5692035180", "productId": "44680", "size": "17.4 oz box"},
{"thumb": "http://i4.peapod.com/c/KK/KKNHZ.gif", "price": "279", "unit_price": "$.20/ oz", "name": "Pillsbury Quick Bread & Muffin Mix Banana", "cnid": "5692035180", "productId": "1425", "size": "14 oz box"},
{"thumb": "http://i4.peapod.com/c/KK/KKNHZ.gif", "price": "279", "unit_price": "$.18/ oz", "name": "Pillsbury Quick Bread & Muffin Mix Cranberry", "cnid": "5692035180", "productId": "1424", "size": "15.6 oz box"},
{"thumb": "http://i4.peapod.com/c/KK/KKNHZ.gif", "price": "279", "unit_price": "$.20/ oz", "name": "Pillsbury Quick Bread & Muffin Mix Pumpkin", "cnid": "5692035180", "productId": "20561", "size": "14 oz box"},
{"thumb": "http://i4.peapod.com/c/KK/KKNHZ.gif", "price": "269", "unit_price": "$.08/ oz", "name": "Stop & Shop Complete Pancake & Waffle Mix Buttermilk", "cnid": "5692035180", "productId": "57568", "size": "32 oz box"},
{"thumb": "http://i4.peapod.com/c/KK/KKNHZ.gif", "price": "250", "unit_price": "$.42/ oz", "name": "Streit's Potato Pancake Mix", "cnid": "5692035180", "productId": "149544", "size": "6 oz box"},
{"thumb": "http://i4.peapod.com/c/KK/KKNHZ.gif", "price": "299", "unit_price": "$.12/ oz", "name": "Aunt Jemima Syrup Butter Lite", "cnid": "801", "productId": "2865", "size": "24 oz btl"},
{"thumb": "http://i4.peapod.com/c/KK/KKNHZ.gif", "price": "299", "unit_price": "$.12/ oz", "name": "Aunt Jemima Syrup Lite", "cnid": "801", "productId": "2868", "size": "24 oz btl"},
{"thumb": "http://i4.peapod.com/c/KK/KKNHZ.gif", "price": "299", "unit_price": "$.12/ oz", "name": "Aunt Jemima Syrup Original", "cnid": "801", "productId": "2874", "size": "24 oz btl"},
{"thumb": "http://i4.peapod.com/c/KK/KKNHZ.gif", "price": "259", "unit_price": "$.22/ oz", "name": "Carys Sugar Free Syrup", "cnid": "801", "productId": "7679", "size": "12 oz btl"},
{"thumb": "http://i4.peapod.com/c/KK/KKNHZ.gif", "price": "469", "unit_price": "$.19/ oz", "name": "Log Cabin Syrup Lite", "cnid": "801", "productId": "5884", "size": "24 oz btl"},
{"thumb": "http://i4.peapod.com/c/KK/KKNHZ.gif", "price": "469", "unit_price": "$.19/ oz", "name": "Log Cabin Syrup Original", "cnid": "801", "productId": "5883", "size": "24 oz btl"},
{"thumb": "http://i4.peapod.com/c/KK/KKNHZ.gif", "price": "719", "unit_price": "$.85/ oz", "name": "Maple Grove Farms Maple Syrup Dark Amber Grade A Pure All Natural", "cnid": "801", "productId": "140367", "size": "8.5 oz btl"},
{"thumb": "http://i4.peapod.com/c/KK/KKNHZ.gif", "price": "949", "unit_price": "$.76/ oz", "name": "Maple Grove Farms Maple Syrup Dark Amber Grade A Pure All Natural", "cnid": "801", "productId": "36393", "size": "12.5 oz btl"},
{"thumb": "http://i4.peapod.com/c/KK/KKNHZ.gif", "price": "329", "unit_price": "$.14/ oz", "name": "Mrs. Butterworth's Syrup Original", "cnid": "801", "productId": "336", "size": "24 oz btl"},
{"thumb": "http://i4.peapod.com/c/KK/KKNHZ.gif", "price": "549", "unit_price": "$.65/ oz", "name": "Nature's Promise Organics Maple Syrup Pure", "cnid": "801", "productId": "147649", "size": "8.5 oz btl"},
{"thumb": "http://i4.peapod.com/c/KK/KKNHZ.gif", "price": "1849", "unit_price": "$.58/ oz", "name": "Spring Tree Syrup", "cnid": "801", "productId": "137340", "size": "32 oz btl"},
{"thumb": "http://i4.peapod.com/c/KK/KKNHZ.gif", "price": "549", "unit_price": "$.65/ oz", "name": "Stop & Shop Maple Syrup Dark Amber Grade A 100% Pure All Natural", "cnid": "801", "productId": "57603", "size": "8.5 oz btl"},
{"thumb": "http://i4.peapod.com/c/KK/KKNHZ.gif", "price": "329", "unit_price": "$.14/ oz", "name": "Stop & Shop Pancake & Waffle Syrup", "cnid": "801", "productId": "57747", "size": "24 oz btl"},
{"thumb": "http://i4.peapod.com/c/KK/KKNHZ.gif", "price": "329", "unit_price": "$.14/ oz", "name": "Stop & Shop Table Syrup Lite Reduced Calorie", "cnid": "801", "productId": "57749", "size": "24 oz btl"},
{"thumb": "http://i4.peapod.com/c/KK/KKNHZ.gif", "price": "350", "unit_price": "$.15/ oz", "name": "Vermont Maid Syrup", "cnid": "801", "productId": "36399", "size": "24 oz btl"},
{"thumb": "http://i4.peapod.com/c/KK/KKNHZ.gif", "price": "339", "unit_price": "$.28/ oz", "name": "Vermont Maple Syrup Sugar Free Low Calorie", "cnid": "801", "productId": "77033", "size": "12 oz btl"},
{"thumb": "http://i4.peapod.com/c/KK/KKNHZ.gif", "price": "250", "unit_price": "$.16/ oz", "name": "Boar's Head Sauerkraut Refrigerated", "cnid": "800", "productId": "88520", "size": "16 oz pkg"},
{"thumb": "http://i4.peapod.com/c/KK/KKNHZ.gif", "price": "89", "unit_price": "$.11/ oz", "name": "Stop & Shop Sauerkraut", "cnid": "800", "productId": "118824", "size": "8 oz can"},
{"thumb": "http://i4.peapod.com/c/KK/KKNHZ.gif", "price": "159", "unit_price": "$.10/ oz", "name": "Stop & Shop Sauerkraut Refrigerated", "cnid": "800", "productId": "58264", "size": "16 oz bag"},
{"thumb": "http://i4.peapod.com/c/KK/KKNHZ.gif", "price": "75", "unit_price": "$.05/ oz", "name": "Stop & Shop Sauerkraut Shredded", "cnid": "800", "productId": "56465", "size": "14.5 oz can"},
{"thumb": "http://i4.peapod.com/c/KK/KKNHZ.gif", "price": "399", "unit_price": "$.40/ oz", "name": "A.1. Steak Sauce Bold & Spicy", "cnid": "771", "productId": "22528", "size": "10 oz btl"},
{"thumb": "http://i4.peapod.com/c/KK/KKNHZ.gif", "price": "599", "unit_price": "$.40/ oz", "name": "A.1. Steak Sauce Original", "cnid": "771", "productId": "12476", "size": "15 oz btl"},
{"thumb": "http://i4.peapod.com/c/KK/KKNHZ.gif", "price": "399", "unit_price": "$.40/ oz", "name": "A.1. Steak Sauce Original", "cnid": "771", "productId": "7735", "size": "10 oz btl"},
{"thumb": "http://i4.peapod.com/c/KK/KKNHZ.gif", "price": "419", "unit_price": "$.28/ oz", "name": "Ah-So Barbecue Sauce Chinese Style", "cnid": "771", "productId": "157573", "size": "15 oz sqz"},
{"thumb": "http://i4.peapod.com/c/KK/KKNHZ.gif", "price": "329", "unit_price": "$.30/ oz", "name": "Ah-So Barbecue Sauce Chinese Style", "cnid": "771", "productId": "73435", "size": "11 oz jar"},
{"thumb": "http://i4.peapod.com/c/KK/KKNHZ.gif", "price": "399", "unit_price": "$1.14/ oz", "name": "A Taste of Thai Peanut Sauce Mix Classic Thai Flavor", "cnid": "771", "productId": "15272", "size": "3.5 oz pkt"},
{"thumb": "http://i4.peapod.com/c/KK/KKNHZ.gif", "price": "369", "unit_price": "$.34/ oz", "name": "Boar's Head Ham Glaze & Cooking Sauce Brown Sugar & Spice", "cnid": "771", "productId": "36499", "size": "11 oz jar"},
{"thumb": "http://i4.peapod.com/c/KK/KKNHZ.gif", "price": "199", "unit_price": "$.22/ oz", "name": "Bookbinder's Cocktail Sauce with Horseradish Restaurant Style", "cnid": "771", "productId": "71987", "size": "9 oz jar"},
{"thumb": "http://i4.peapod.com/c/KK/KKNHZ.gif", "price": "167", "unit_price": "$.09/ oz", "name": "Bull's-Eye Barbecue Sauce Original", "cnid": "771", "productId": "1526", "size": "18 oz btl"},
{"thumb": "http://i4.peapod.com/c/KK/KKNHZ.gif", "price": "69", "unit_price": "$.43/ oz", "name": "Concord Foods Sauce Mix Hollandaise", "cnid": "771", "productId": "159558", "size": "1.6 oz pkt"},
{"thumb": "http://i4.peapod.com/c/KK/KKNHZ.gif", "price": "300", "unit_price": "$.30/ oz", "name": "Crosse & Blackwell Premium Ham Glaze with Montmorency Cherries", "cnid": "771", "productId": "74861", "size": "10 oz jar"},
{"thumb": "http://i4.peapod.com/c/KK/KKNHZ.gif", "price": "250", "unit_price": "$.21/ oz", "name": "Crosse & Blackwell Seafood Cocktail Sauce", "cnid": "771", "productId": "13354", "size": "12 oz btl"},
{"thumb": "http://i4.peapod.com/c/KK/KKNHZ.gif", "price": "479", "unit_price": "$.12/ oz", "name": "Dai Day Duck Sauce Sweet & Sour", "cnid": "771", "productId": "61164", "size": "40 oz jar"},
{"thumb": "http://i4.peapod.com/c/KK/KKNHZ.gif", "price": "359", "unit_price": "$.16/ oz", "name": "Frank's RedHot Cayenne Pepper Sauce Original", "cnid": "771", "productId": "162657", "size": "23 oz btl"},
{"thumb": "http://i4.peapod.com/c/KK/KKNHZ.gif", "price": "199", "unit_price": "$.17/ oz", "name": "Frank's RedHot Cayenne Pepper Sauce Original", "cnid": "771", "productId": "44313", "size": "12 oz btl"},
{"thumb": "http://i4.peapod.com/c/KK/KKNHZ.gif", "price": "359", "unit_price": "$.30/ oz", "name": "Frank's RedHot Wings Sauce Buffalo", "cnid": "771", "productId": "146777", "size": "12 oz btl"},
{"thumb": "http://i4.peapod.com/c/KK/KKNHZ.gif", "price": "359", "unit_price": "$.30/ oz", "name": "Frank's RedHot Wings Sauce Hot Buffalo", "cnid": "771", "productId": "162656", "size": "12 oz btl"},
{"thumb": "http://i4.peapod.com/c/KK/KKNHZ.gif", "price": "399", "unit_price": "$.10/ oz", "name": "Gold's Soo Moy Jung Duck Sauce Cantonese Style Sweet & Sour", "cnid": "771", "productId": "99208", "size": "40 oz jar"},
{"thumb": "http://i4.peapod.com/c/KK/KKNHZ.gif", "price": "229", "unit_price": "$.09/ oz", "name": "Goya Marinade Mojo Criollo", "cnid": "771", "productId": "136823", "size": "24 oz btl"},
{"thumb": "http://i4.peapod.com/c/KK/KKNHZ.gif", "price": "249", "unit_price": "$.21/ oz", "name": "Goya Sofrito (Tomato Cooking Base for Rice, Beans, Soups & Stews)", "cnid": "771", "productId": "42862", "size": "12 oz jar"},
{"thumb": "http://i4.peapod.com/c/KK/KKNHZ.gif", "price": "259", "unit_price": "$.22/ oz", "name": "Heinz Chili Sauce", "cnid": "771", "productId": "574", "size": "12 oz btl"},
{"thumb": "http://i4.peapod.com/c/KK/KKNHZ.gif", "price": "259", "unit_price": "$.22/ oz", "name": "Heinz Cocktail Sauce Original", "cnid": "771", "productId": "13145", "size": "12 oz btl"},
{"thumb": "http://i4.peapod.com/c/KK/KKNHZ.gif", "price": "199", "unit_price": "$.22/ oz", "name": "Hellmann's Tartar Sauce", "cnid": "771", "productId": "6754", "size": "9 oz sqz"},
{"thumb": "http://i4.peapod.com/c/KK/KKNHZ.gif", "price": "329", "unit_price": "$.41/ oz", "name": "House of Tsang Hoisin Sauce", "cnid": "771", "productId": "184105", "size": "8 oz jar"},
{"thumb": "http://i4.peapod.com/c/KK/KKNHZ.gif", "price": "485", "unit_price": "$.42/ oz", "name": "House of Tsang Stir Fry Sauce Classic", "cnid": "771", "productId": "34416", "size": "11.5 oz btl"},
{"thumb": "http://i4.peapod.com/c/KK/KKNHZ.gif", "price": "133", "unit_price": "$.09/ oz", "name": "Hunt's Manwich Sloppy Joe Sauce Original", "cnid": "771", "productId": "2466", "size": "15 oz can"},
{"thumb": "http://i4.peapod.com/c/KK/KKNHZ.gif", "price": "339", "unit_price": "$.14/ oz", "name": "Hunt's Manwich Sloppy Joe Sauce Original", "cnid": "771", "productId": "2467", "size": "24 oz can"},
{"thumb": "http://i4.peapod.com/c/KK/KKNHZ.gif", "price": "329", "unit_price": "$.41/ oz", "name": "Huy Fong Sauce Chili Garlic", "cnid": "771", "productId": "157557", "size": "8 oz jar"},
{"thumb": "http://i4.peapod.com/c/KK/KKNHZ.gif", "price": "449", "unit_price": "$.26/ oz", "name": "Huy Fong Sriracha Sauce Hot Chili", "cnid": "771", "productId": "133771", "size": "17 oz btl"},
{"thumb": "http://i4.peapod.com/c/KK/KKNHZ.gif", "price": "289", "unit_price": "$.15/ oz", "name": "Jack Daniel's Barbecue Sauce Original No. 7 Recipe", "cnid": "771", "productId": "123673", "size": "19 oz btl"},
{"thumb": "http://i4.peapod.com/c/KK/KKNHZ.gif", "price": "289", "unit_price": "$.24/ oz", "name": "Jack Daniel's EZ Marinader Honey Teriyaki", "cnid": "771", "productId": "131639", "size": "12 oz bag"},
{"thumb": "http://i4.peapod.com/c/KK/KKNHZ.gif", "price": "459", "unit_price": "$.57/ oz", "name": "Joyce Chen Duck Sauce (Plum Sauce) Sweet & Tangy", "cnid": "771", "productId": "61172", "size": "8 oz btl"},
{"thumb": "http://i4.peapod.com/c/KK/KKNHZ.gif", "price": "419", "unit_price": "$.49/ oz", "name": "KA-ME Duck Sauce", "cnid": "771", "productId": "37026", "size": "8.5 oz jar"},
{"thumb": "http://i4.peapod.com/c/KK/KKNHZ.gif", "price": "359", "unit_price": "$.51/ oz", "name": "KA-ME Fish Sauce All Natural", "cnid": "771", "productId": "124989", "size": "7 oz jar"},
{"thumb": "http://i4.peapod.com/c/KK/KKNHZ.gif", "price": "369", "unit_price": "$.46/ oz", "name": "KA-ME Hoisin Sauce", "cnid": "771", "productId": "37028", "size": "8 oz jar"},
{"thumb": "http://i4.peapod.com/c/KK/KKNHZ.gif", "price": "369", "unit_price": "$.53/ oz", "name": "KA-ME Sauce Oyster", "cnid": "771", "productId": "55875", "size": "7 oz btl"},
{"thumb": "http://i4.peapod.com/c/KK/KKNHZ.gif", "price": "150", "unit_price": "$.19/ oz", "name": "Ken's Steak House Cocktail Sauce", "cnid": "771", "productId": "120968", "size": "8 oz jar"},
{"thumb": "http://i4.peapod.com/c/KK/KKNHZ.gif", "price": "349", "unit_price": "$.22/ oz", "name": "Ken's Steak House Marinade & Sauce Honey Teriyaki", "cnid": "771", "productId": "127904", "size": "16 oz btl"},
{"thumb": "http://i4.peapod.com/c/KK/KKNHZ.gif", "price": "349", "unit_price": "$.22/ oz", "name": "Ken's Steak House Marinade & Sauce Teriyaki", "cnid": "771", "productId": "137301", "size": "16 oz btl"},
{"thumb": "http://i4.peapod.com/c/KK/KKNHZ.gif", "price": "350", "unit_price": "$.17/ oz", "name": "Kikkoman All-Purpose Soy Sauce", "cnid": "771", "productId": "22093", "size": "20 oz btl"},
{"thumb": "http://i4.peapod.com/c/KK/KKNHZ.gif", "price": "239", "unit_price": "$.24/ oz", "name": "Kikkoman All-Purpose Soy Sauce", "cnid": "771", "productId": "5501", "size": "10 oz btl"},
{"thumb": "http://i4.peapod.com/c/KK/KKNHZ.gif", "price": "300", "unit_price": "$.20/ oz", "name": "Kikkoman All-Purpose Soy Sauce Less Sodium", "cnid": "771", "productId": "96284", "size": "15 oz btl"},
{"thumb": "http://i4.peapod.com/c/KK/KKNHZ.gif", "price": "350", "unit_price": "$.23/ oz", "name": "Kikkoman Marinade & Sauce Roasted Garlic Teriyaki", "cnid": "771", "productId": "81149", "size": "15 oz btl"},
{"thumb": "http://i4.peapod.com/c/KK/KKNHZ.gif", "price": "229", "unit_price": "$.23/ oz", "name": "Kikkoman Marinade & Sauce Teriyaki", "cnid": "771", "productId": "5502", "size": "10 oz btl"},
{"thumb": "http://i4.peapod.com/c/KK/KKNHZ.gif", "price": "300", "unit_price": "$.20/ oz", "name": "Kikkoman Marinade & Sauce Teriyaki", "cnid": "771", "productId": "74204", "size": "15 oz btl"},
{"thumb": "http://i4.peapod.com/c/KK/KKNHZ.gif", "price": "269", "unit_price": "$.27/ oz", "name": "Kikkoman Marinade & Sauce Teriyaki Less Sodium", "cnid": "771", "productId": "16012", "size": "10 oz btl"},
{"thumb": "http://i4.peapod.com/c/KK/KKNHZ.gif", "price": "299", "unit_price": "$.25/ oz", "name": "Kikkoman Stir-Fry Sauce", "cnid": "771", "productId": "44145", "size": "12.1 oz btl"},
{"thumb": "http://i4.peapod.com/c/KK/KKNHZ.gif", "price": "125", "unit_price": "$1.39/ oz", "name": "Knorr Sauce Mix Bearnaise", "cnid": "771", "productId": "6761", "size": ".9 oz pkt"},
{"thumb": "http://i4.peapod.com/c/KK/KKNHZ.gif", "price": "125", "unit_price": "$1.39/ oz", "name": "Knorr Sauce Mix Hollandaise", "cnid": "771", "productId": "6760", "size": ".9 oz pkt"},
{"thumb": "http://i4.peapod.com/c/KK/KKNHZ.gif", "price": "199", "unit_price": "$.11/ oz", "name": "Kraft Barbecue Sauce Honey", "cnid": "771", "productId": "68624", "size": "17.5 oz btl"},
{"thumb": "http://i4.peapod.com/c/KK/KKNHZ.gif", "price": "199", "unit_price": "$.11/ oz", "name": "Kraft Barbecue Sauce Original", "cnid": "771", "productId": "12463", "size": "17.5 oz btl"},
{"thumb": "http://i4.peapod.com/c/KK/KKNHZ.gif", "price": "199", "unit_price": "$.11/ oz", "name": "Kraft Barbecue Sauce Thick 'n Spicy Original", "cnid": "771", "productId": "1871", "size": "17.5 oz btl"},
{"thumb": "http://i4.peapod.com/c/KK/KKNHZ.gif", "price": "249", "unit_price": "$.25/ oz", "name": "La Choy All Purpose Soy Sauce", "cnid": "771", "productId": "6273", "size": "10 oz btl"},
{"thumb": "http://i4.peapod.com/c/KK/KKNHZ.gif", "price": "299", "unit_price": "$.30/ oz", "name": "La Choy Soy Sauce Lite", "cnid": "771", "productId": "21283", "size": "10 oz btl"},
{"thumb": "http://i4.peapod.com/c/KK/KKNHZ.gif", "price": "379", "unit_price": "$.25/ oz", "name": "La Choy Soy Sauce Lite", "cnid": "771", "productId": "161252", "size": "15 oz btl"},
{"thumb": "http://i4.peapod.com/c/KK/KKNHZ.gif", "price": "299", "unit_price": "$.20/ oz", "name": "La Choy Stir Fry Sauce Orange Ginger", "cnid": "771", "productId": "160175", "size": "14.7 oz btl"},
{"thumb": "http://i4.peapod.com/c/KK/KKNHZ.gif", "price": "299", "unit_price": "$.22/ oz", "name": "La Choy Stir Fry Sauce Teriyaki", "cnid": "771", "productId": "160176", "size": "13.7 oz btl"},
{"thumb": "http://i4.peapod.com/c/KK/KKNHZ.gif", "price": "245", "unit_price": "$.25/ oz", "name": "La Choy Sweet & Sour Sauce", "cnid": "771", "productId": "39398", "size": "10 oz jar"},
{"thumb": "http://i4.peapod.com/c/KK/KKNHZ.gif", "price": "349", "unit_price": "$.29/ oz", "name": "Lawry's Marinade Hawaiian with Tropical Fruit Juices", "cnid": "771", "productId": "19614", "size": "12 oz btl"},
{"thumb": "http://i4.peapod.com/c/KK/KKNHZ.gif", "price": "349", "unit_price": "$.29/ oz", "name": "Lawry's Marinade Herb & Garlic with Lemon Juice", "cnid": "771", "productId": "12481", "size": "12 oz btl"},
{"thumb": "http://i4.peapod.com/c/KK/KKNHZ.gif", "price": "349", "unit_price": "$.29/ oz", "name": "Lawry's Marinade Lemon Pepper with Lemon Juice", "cnid": "771", "productId": "14174", "size": "12 oz btl"},
{"thumb": "http://i4.peapod.com/c/KK/KKNHZ.gif", "price": "349", "unit_price": "$.29/ oz", "name": "Lawry's Marinade Sesame Ginger with Mandarin Orange Juice", "cnid": "771", "productId": "126716", "size": "12 oz btl"},
{"thumb": "http://i4.peapod.com/c/KK/KKNHZ.gif", "price": "349", "unit_price": "$.29/ oz", "name": "Lawry's Marinade Teriyaki with Pineapple Juice", "cnid": "771", "productId": "12482", "size": "12 oz btl"},
{"thumb": "http://i4.peapod.com/c/KK/KKNHZ.gif", "price": "359", "unit_price": "$.36/ oz", "name": "Lea & Perrins Worcestershire Sauce", "cnid": "771", "productId": "7355", "size": "10 oz btl"},
{"thumb": "http://i4.peapod.com/c/KK/KKNHZ.gif", "price": "579", "unit_price": "$.32/ oz", "name": "Lee Kum Kee Sauce Stir-Fry Vegetarian", "cnid": "771", "productId": "157564", "size": "18 oz btl"},
{"thumb": "http://i4.peapod.com/c/KK/KKNHZ.gif", "price": "150", "unit_price": "$.19/ oz", "name": "Legal Sea Foods Cocktail Sauce", "cnid": "771", "productId": "162455", "size": "8 oz btl"},
{"thumb": "http://i4.peapod.com/c/KK/KKNHZ.gif", "price": "150", "unit_price": "$.19/ oz", "name": "Legal Sea Foods Tartar Sauce", "cnid": "771", "productId": "162454", "size": "8 oz btl"},
{"thumb": "http://i4.peapod.com/c/KK/KKNHZ.gif", "price": "200", "unit_price": "$.25/ oz", "name": "McCormick Cocktail Sauce for Seafood Extra Hot", "cnid": "771", "productId": "42299", "size": "8 oz btl"},
{"thumb": "http://i4.peapod.com/c/KK/KKNHZ.gif", "price": "200", "unit_price": "$.25/ oz", "name": "McCormick Cocktail Sauce for Seafood Original", "cnid": "771", "productId": "68621", "size": "8 oz btl"},
{"thumb": "http://i4.peapod.com/c/KK/KKNHZ.gif", "price": "169", "unit_price": "$1.94/ oz", "name": "McCormick Grill Mates Marinade Garlic, Herb & Wine", "cnid": "771", "productId": "151566", "size": ".87 oz pkt"},
{"thumb": "http://i4.peapod.com/c/KK/KKNHZ.gif", "price": "169", "unit_price": "$1.59/ oz", "name": "McCormick Grill Mates Marinade Mesquite", "cnid": "771", "productId": "77382", "size": "1.06 oz pkt"},
{"thumb": "http://i4.peapod.com/c/KK/KKNHZ.gif", "price": "169", "unit_price": "$2.38/ oz", "name": "McCormick Grill Mates Marinade Montreal Steak", "cnid": "771", "productId": "100875", "size": ".71 oz pkt"},
{"thumb": "http://i4.peapod.com/c/KK/KKNHZ.gif", "price": "169", "unit_price": "$1.35/ oz", "name": "McCormick Grill Mates Marinade Southwest", "cnid": "771", "productId": "87322", "size": "1.25 oz pkt"},
{"thumb": "http://i4.peapod.com/c/KK/KKNHZ.gif", "price": "169", "unit_price": "$1.59/ oz", "name": "McCormick Grill Mates Marinade Zesty Herb", "cnid": "771", "productId": "87323", "size": "1.06 oz pkt"},
{"thumb": "http://i4.peapod.com/c/KK/KKNHZ.gif", "price": "219", "unit_price": "$1.75/ oz", "name": "McCormick Sauce Mix Hollandaise", "cnid": "771", "productId": "12502", "size": "1.25 oz pkt"},
{"thumb": "http://i4.peapod.com/c/KK/KKNHZ.gif", "price": "399", "unit_price": "$.53/ oz", "name": "McCormick Seafood Sauce Scampi", "cnid": "771", "productId": "150576", "size": "7.5 oz btl"},
{"thumb": "http://i4.peapod.com/c/KK/KKNHZ.gif", "price": "200", "unit_price": "$.25/ oz", "name": "McCormick Tartar Sauce for Seafood Original", "cnid": "771", "productId": "162351", "size": "8 oz btl"},
{"thumb": "http://i4.peapod.com/c/KK/KKNHZ.gif", "price": "189", "unit_price": "$.94/ oz", "name": "McIlhenny Tabasco Brand Pepper Sauce Original Flavor", "cnid": "771", "productId": "426", "size": "2 oz btl"},
{"thumb": "http://i4.peapod.com/c/KK/KKNHZ.gif", "price": "399", "unit_price": "$.80/ oz", "name": "McIlhenny Tabasco Brand Pepper Sauce Original Flavor", "cnid": "771", "productId": "427", "size": "5 oz btl"},
{"thumb": "http://i4.peapod.com/c/KK/KKNHZ.gif", "price": "299", "unit_price": "$.15/ oz", "name": "Naturally Delicious Barbecue Sauce Original All Natural", "cnid": "771", "productId": "159150", "size": "20 oz btl"},
{"thumb": "http://i4.peapod.com/c/KK/KKNHZ.gif", "price": "219", "unit_price": "$.22/ oz", "name": "Old El Paso Enchilada Sauce Mild", "cnid": "771", "productId": "6499", "size": "10 oz can"},
{"thumb": "http://i4.peapod.com/c/KK/KKNHZ.gif", "price": "179", "unit_price": "$.22/ oz", "name": "Ortega Taco Sauce Original Thick & Smooth Medium", "cnid": "771", "productId": "12316", "size": "8 oz btl"},
{"thumb": "http://i4.peapod.com/c/KK/KKNHZ.gif", "price": "179", "unit_price": "$.22/ oz", "name": "Ortega Taco Sauce Original Thick & Smooth Mild", "cnid": "771", "productId": "12317", "size": "8 oz btl"},
{"thumb": "http://i4.peapod.com/c/KK/KKNHZ.gif", "price": "399", "unit_price": "$.40/ oz", "name": "Patak's Curry Paste Hot", "cnid": "771", "productId": "157554", "size": "10 oz jar"},
{"thumb": "http://i4.peapod.com/c/KK/KKNHZ.gif", "price": "399", "unit_price": "$.40/ oz", "name": "Patak's Curry Paste Red Mild", "cnid": "771", "productId": "157553", "size": "10 oz jar"},
{"thumb": "http://i4.peapod.com/c/KK/KKNHZ.gif", "price": "399", "unit_price": "$.27/ oz", "name": "Patak's Simmer Sauce Korma Curry Mild", "cnid": "771", "productId": "157551", "size": "15 oz jar"},
{"thumb": "http://i4.peapod.com/c/KK/KKNHZ.gif", "price": "399", "unit_price": "$.27/ oz", "name": "Patak's Simmer Sauce Tikka Masala Curry Medium", "cnid": "771", "productId": "157550", "size": "15 oz jar"},
{"thumb": "http://i4.peapod.com/c/KK/KKNHZ.gif", "price": "499", "unit_price": "$.40/ oz", "name": "Peter Luger Steak Sauce", "cnid": "771", "productId": "141523", "size": "12.6 oz btl"},
{"thumb": "http://i4.peapod.com/c/KK/KKNHZ.gif", "price": "279", "unit_price": "$.35/ oz", "name": "Sambal Oelek Chili Paste Fresh Ground", "cnid": "771", "productId": "157558", "size": "8 oz jar"},
{"thumb": "http://i4.peapod.com/c/KK/KKNHZ.gif", "price": "629", "unit_price": "$.30/ oz", "name": "Soy Vay Teriyaki Sauce Veri Veri", "cnid": "771", "productId": "27681", "size": "21 oz btl"},
{"thumb": "http://i4.peapod.com/c/KK/KKNHZ.gif", "price": "169", "unit_price": "$.14/ oz", "name": "Stop & Shop Chili Sauce", "cnid": "771", "productId": "58132", "size": "12 oz btl"},
{"thumb": "http://i4.peapod.com/c/KK/KKNHZ.gif", "price": "169", "unit_price": "$.14/ oz", "name": "Stop & Shop Cocktail Sauce for Seafood", "cnid": "771", "productId": "58133", "size": "12 oz btl"},
{"thumb": "http://i4.peapod.com/c/KK/KKNHZ.gif", "price": "159", "unit_price": "$.13/ oz", "name": "Stop & Shop Hot Sauce", "cnid": "771", "productId": "161982", "size": "12 oz btl"},
{"thumb": "http://i4.peapod.com/c/KK/KKNHZ.gif", "price": "159", "unit_price": "$.20/ oz", "name": "Stop & Shop Tartar Sauce", "cnid": "771", "productId": "57327", "size": "8 oz jar"},
{"thumb": "http://i4.peapod.com/c/KK/KKNHZ.gif", "price": "389", "unit_price": "$.22/ oz", "name": "Stubb's Bar-B-Q Sauce Original", "cnid": "771", "productId": "155792", "size": "18 oz btl"},
{"thumb": "http://i4.peapod.com/c/KK/KKNHZ.gif", "price": "389", "unit_price": "$.22/ oz", "name": "Stubb's Bar-B-Q Sauce Spicy", "cnid": "771", "productId": "155793", "size": "18 oz btl"},
{"thumb": "http://i4.peapod.com/c/KK/KKNHZ.gif", "price": "399", "unit_price": "$.33/ oz", "name": "Stubb's Marinade Beef", "cnid": "771", "productId": "162477", "size": "12 oz btl"},
{"thumb": "http://i4.peapod.com/c/KK/KKNHZ.gif", "price": "399", "unit_price": "$.33/ oz", "name": "Stubb's Marinade Chicken", "cnid": "771", "productId": "162478", "size": "12 oz btl"},
{"thumb": "http://i4.peapod.com/c/KK/KKNHZ.gif", "price": "399", "unit_price": "$.33/ oz", "name": "Stubb's Marinade Pork", "cnid": "771", "productId": "162479", "size": "12 oz btl"},
{"thumb": "http://i4.peapod.com/c/KK/KKNHZ.gif", "price": "259", "unit_price": "$.14/ oz", "name": "Sweet Baby Ray's Barbecue Sauce", "cnid": "771", "productId": "10746", "size": "18 oz btl"},
{"thumb": "http://i4.peapod.com/c/KK/KKNHZ.gif", "price": "319", "unit_price": "$.11/ oz", "name": "Sweet Baby Ray's Barbecue Sauce", "cnid": "771", "productId": "19626", "size": "28 oz btl"},
{"thumb": "http://i4.peapod.com/c/KK/KKNHZ.gif", "price": "259", "unit_price": "$.14/ oz", "name": "Sweet Baby Ray's Barbecue Sauce Hickory", "cnid": "771", "productId": "116018", "size": "18 oz btl"},
{"thumb": "http://i4.peapod.com/c/KK/KKNHZ.gif", "price": "259", "unit_price": "$.14/ oz", "name": "Sweet Baby Ray's Barbecue Sauce Honey", "cnid": "771", "productId": "96301", "size": "18 oz btl"},
{"thumb": "http://i4.peapod.com/c/KK/KKNHZ.gif", "price": "319", "unit_price": "$.11/ oz", "name": "Sweet Baby Ray's Barbecue Sauce Honey", "cnid": "771", "productId": "138105", "size": "28 oz btl"},
{"thumb": "http://i4.peapod.com/c/KK/KKNHZ.gif", "price": "399", "unit_price": "$1.00/ oz", "name": "Thai Kitchen Curry Paste Red", "cnid": "771", "productId": "157602", "size": "4 oz jar"},
{"thumb": "http://i4.peapod.com/c/KK/KKNHZ.gif", "price": "579", "unit_price": "$.39/ oz", "name": "Tiger Tiger Tikka Simmer Sauce Peshwari Chicken", "cnid": "771", "productId": "157555", "size": "14.8 oz jar"},
{"thumb": "http://i4.peapod.com/c/KK/KKNHZ.gif", "price": "599", "unit_price": "$.37/ oz", "name": "Victoria Simmer Sauce Francese for Chicken, Veal & Seafood", "cnid": "771", "productId": "160527", "size": "16 oz jar"},
{"thumb": "http://i4.peapod.com/c/KK/KKNHZ.gif", "price": "599", "unit_price": "$.37/ oz", "name": "Victoria Simmer Sauce Marsala for Chicken & Veal", "cnid": "771", "productId": "160529", "size": "16 oz jar"},
{"thumb": "http://i4.peapod.com/c/KK/KKNHZ.gif", "price": "359", "unit_price": "$.20/ oz", "name": "World Harbors Sauce & Marinade Fajita Mexican Style", "cnid": "771", "productId": "36488", "size": "18 oz btl"},
{"thumb": "http://i4.peapod.com/c/KK/KKNHZ.gif", "price": "359", "unit_price": "$.20/ oz", "name": "World Harbors Sauce & Marinade Maui Mountain Teriyaki Hawaiian Style", "cnid": "771", "productId": "36490", "size": "18 oz btl"},
{"thumb": "http://i4.peapod.com/c/KK/KKNHZ.gif", "price": "359", "unit_price": "$.20/ oz", "name": "World Harbors Sauce Maui Mountain Sweet & Sour Hawaiian Style", "cnid": "771", "productId": "36486", "size": "18 oz btl"},
{"thumb": "http://i4.peapod.com/c/KK/KKNHZ.gif", "price": "449", "unit_price": "$.29/ oz", "name": "Yamasa Soy Sauce Reduced Sodium", "cnid": "771", "productId": "157597", "size": "15.5 oz btl"},
{"thumb": "http://i4.peapod.com/c/KK/KKNHZ.gif", "price": "399", "unit_price": "$.50/ oz", "name": "Annie's Naturals Salad Dressing Caesar Organic", "cnid": "747", "productId": "129631", "size": "8 oz btl"},
{"thumb": "http://i4.peapod.com/c/KK/KKNHZ.gif", "price": "299", "unit_price": "$.21/ oz", "name": "Bolthouse Farms Yogurt Dressing Caesar Parmigiano All Natural", "cnid": "747", "productId": "151230", "size": "14 oz btl"},
{"thumb": "http://i4.peapod.com/c/KK/KKNHZ.gif", "price": "299", "unit_price": "$.21/ oz", "name": "Bolthouse Farms Yogurt Dressing Chunky Blue Cheese All Natural", "cnid": "747", "productId": "151231", "size": "14 oz btl"},
{"thumb": "http://i4.peapod.com/c/KK/KKNHZ.gif", "price": "299", "unit_price": "$.21/ oz", "name": "Bolthouse Farms Yogurt Dressing Classic Ranch All Natural", "cnid": "747", "productId": "151229", "size": "14 oz btl"},
{"thumb": "http://i4.peapod.com/c/KK/KKNHZ.gif", "price": "299", "unit_price": "$.21/ oz", "name": "Bolthouse Farms Yogurt Dressing Honey Mustard All Natural", "cnid": "747", "productId": "152116", "size": "14 oz btl"},
{"thumb": "http://i4.peapod.com/c/KK/KKNHZ.gif", "price": "299", "unit_price": "$.21/ oz", "name": "Bolthouse Farms Yogurt Dressing Thousand Island All Natural", "cnid": "747", "productId": "152070", "size": "14 oz btl"},
{"thumb": "http://i4.peapod.com/c/KK/KKNHZ.gif", "price": "300", "unit_price": "$.25/ oz", "name": "Briannas Home Style Salad Dressing Blush Wine Vinaigrette", "cnid": "747", "productId": "25597", "size": "12 oz btl"},
{"thumb": "http://i4.peapod.com/c/KK/KKNHZ.gif", "price": "300", "unit_price": "$.25/ oz", "name": "Briannas Home Style Salad Dressing Dijon Honey Mustard", "cnid": "747", "productId": "160977", "size": "12 oz btl"},
{"thumb": "http://i4.peapod.com/c/KK/KKNHZ.gif", "price": "300", "unit_price": "$.25/ oz", "name": "Briannas Home Style Salad Dressing Real French Vinaigrette", "cnid": "747", "productId": "17932", "size": "12 oz btl"},
{"thumb": "http://i4.peapod.com/c/KK/KKNHZ.gif", "price": "300", "unit_price": "$.25/ oz", "name": "Briannas Home Style Salad Dressing Rich Poppy Seed", "cnid": "747", "productId": "17933", "size": "12 oz btl"},
{"thumb": "http://i4.peapod.com/c/KK/KKNHZ.gif", "price": "319", "unit_price": "$.20/ oz", "name": "Cains Salad Dressing Raspberry Vinaigrette Fat Free", "cnid": "747", "productId": "181652", "size": "16 oz btl"},
{"thumb": "http://i4.peapod.com/c/KK/KKNHZ.gif", "price": "219", "unit_price": "$.44/ oz", "name": "Cardini's Croutons Italian Gourmet Cut All Natural", "cnid": "747", "productId": "167567", "size": "5 oz bag"},
{"thumb": "http://i4.peapod.com/c/KK/KKNHZ.gif", "price": "439", "unit_price": "$.37/ oz", "name": "Cardini's Salad Dressing Balsamic Vinaigrette", "cnid": "747", "productId": "115864", "size": "12 oz btl"},
{"thumb": "http://i4.peapod.com/c/KK/KKNHZ.gif", "price": "439", "unit_price": "$.37/ oz", "name": "Cardini's Salad Dressing Caesar Original", "cnid": "747", "productId": "8390", "size": "12 oz btl"},
{"thumb": "http://i4.peapod.com/c/KK/KKNHZ.gif", "price": "199", "unit_price": "$.40/ oz", "name": "Chatham Village Croutons Caesar", "cnid": "747", "productId": "42961", "size": "5 oz bag"},
{"thumb": "http://i4.peapod.com/c/KK/KKNHZ.gif", "price": "199", "unit_price": "$.40/ oz", "name": "Chatham Village Croutons Cheese & Garlic Large Cut", "cnid": "747", "productId": "51378", "size": "5 oz bag"},
{"thumb": "http://i4.peapod.com/c/KK/KKNHZ.gif", "price": "199", "unit_price": "$.40/ oz", "name": "Chatham Village Croutons Fat Free", "cnid": "747", "productId": "155397", "size": "5 oz bag"},
{"thumb": "http://i4.peapod.com/c/KK/KKNHZ.gif", "price": "199", "unit_price": "$.40/ oz", "name": "Chatham Village Croutons Garden Herb", "cnid": "747", "productId": "42962", "size": "5 oz bag"},
{"thumb": "http://i4.peapod.com/c/KK/KKNHZ.gif", "price": "199", "unit_price": "$.40/ oz", "name": "Chatham Village Croutons Garlic & Butter", "cnid": "747", "productId": "42963", "size": "5 oz bag"},
{"thumb": "http://i4.peapod.com/c/KK/KKNHZ.gif", "price": "199", "unit_price": "$.40/ oz", "name": "Chatham Village Croutons Sea Salt & Pepper", "cnid": "747", "productId": "159485", "size": "5 oz bag"},
{"thumb": "http://i4.peapod.com/c/KK/KKNHZ.gif", "price": "219", "unit_price": "$.27/ oz", "name": "Christos Yasou Salad Dressing Greek", "cnid": "747", "productId": "36532", "size": "8 oz btl"},
{"thumb": "http://i4.peapod.com/c/KK/KKNHZ.gif", "price": "250", "unit_price": "$.53/ oz", "name": "ET TU Salad Kit Caesar Light", "cnid": "747", "productId": "40118", "size": "4.7 oz box"},
{"thumb": "http://i4.peapod.com/c/KK/KKNHZ.gif", "price": "250", "unit_price": "$.53/ oz", "name": "ET TU Salad Kit Caesar Original", "cnid": "747", "productId": "25077", "size": "4.7 oz box"},
{"thumb": "http://i4.peapod.com/c/KK/KKNHZ.gif", "price": "339", "unit_price": "$.56/ oz", "name": "French's Onions French Fried Original", "cnid": "747", "productId": "45960", "size": "6 oz can"},
{"thumb": "http://i4.peapod.com/c/KK/KKNHZ.gif", "price": "339", "unit_price": "$2.42/ oz", "name": "Good Seasons Italian Cruet Kit - 2 Italian Dressing Mixes & Cruet", "cnid": "747", "productId": "160972", "size": "1.4 oz box"},
{"thumb": "http://i4.peapod.com/c/KK/KKNHZ.gif", "price": "189", "unit_price": "$2.52/ oz", "name": "Good Seasons Salad Dressing & Recipe Mix Garlic & Herb - Makes 8 oz", "cnid": "747", "productId": "6088", "size": ".75 oz pkt"},
{"thumb": "http://i4.peapod.com/c/KK/KKNHZ.gif", "price": "439", "unit_price": "$1.57/ oz", "name": "Good Seasons Salad Dressing & Recipe Mix Italian All Natural - 4 ct", "cnid": "747", "productId": "6086", "size": "2.8 oz box"},
{"thumb": "http://i4.peapod.com/c/KK/KKNHZ.gif", "price": "175", "unit_price": "$2.50/ oz", "name": "Good Seasons Salad Dressing & Recipe Mix Italian All Natural - Makes 8 oz", "cnid": "747", "productId": "6089", "size": ".7 oz pkt"},
{"thumb": "http://i4.peapod.com/c/KK/KKNHZ.gif", "price": "539", "unit_price": "$.27/ oz", "name": "Hidden Valley Dressing Original Ranch", "cnid": "747", "productId": "117530", "size": "20 oz sqz"},
{"thumb": "http://i4.peapod.com/c/KK/KKNHZ.gif", "price": "439", "unit_price": "$.27/ oz", "name": "Hidden Valley Dressing Original Ranch", "cnid": "747", "productId": "8344", "size": "16 oz btl"},
{"thumb": "http://i4.peapod.com/c/KK/KKNHZ.gif", "price": "539", "unit_price": "$.22/ oz", "name": "Hidden Valley Dressing Original Ranch", "cnid": "747", "productId": "8346", "size": "24 oz btl"},
{"thumb": "http://i4.peapod.com/c/KK/KKNHZ.gif", "price": "439", "unit_price": "$.27/ oz", "name": "Hidden Valley Dressing Original Ranch Fat Free", "cnid": "747", "productId": "35756", "size": "16 oz btl"},
{"thumb": "http://i4.peapod.com/c/KK/KKNHZ.gif", "price": "439", "unit_price": "$.27/ oz", "name": "Hidden Valley Dressing Original Ranch Light", "cnid": "747", "productId": "39933", "size": "16 oz btl"},
{"thumb": "http://i4.peapod.com/c/KK/KKNHZ.gif", "price": "539", "unit_price": "$.27/ oz", "name": "Hidden Valley Ranch Dressing Light", "cnid": "747", "productId": "129787", "size": "20 oz sqz"},
{"thumb": "http://i4.peapod.com/c/KK/KKNHZ.gif", "price": "499", "unit_price": "$1.25/ oz", "name": "Hidden Valley Salad Dressing & Seasoning Mix Ranch The Original - 4 ct", "cnid": "747", "productId": "171770", "size": "4 oz box"},
{"thumb": "http://i4.peapod.com/c/KK/KKNHZ.gif", "price": "299", "unit_price": "$1.00/ oz", "name": "Hormel Real Bacon Bits", "cnid": "747", "productId": "3821", "size": "3 oz jar"},
{"thumb": "http://i4.peapod.com/c/KK/KKNHZ.gif", "price": "239", "unit_price": "$.30/ oz", "name": "Ken's Light Options Dressing Balsamic Vinaigrette", "cnid": "747", "productId": "81168", "size": "8 oz btl"},
{"thumb": "http://i4.peapod.com/c/KK/KKNHZ.gif", "price": "539", "unit_price": "$.22/ oz", "name": "Ken's Steak House Dressing & Marinade Caesar Lite", "cnid": "747", "productId": "129656", "size": "24 oz btl"},
{"thumb": "http://i4.peapod.com/c/KK/KKNHZ.gif", "price": "539", "unit_price": "$.22/ oz", "name": "Ken's Steak House Dressing & Marinade Italian", "cnid": "747", "productId": "125208", "size": "24 oz btl"},
{"thumb": "http://i4.peapod.com/c/KK/KKNHZ.gif", "price": "250", "unit_price": "$.16/ oz", "name": "Ken's Steak House Dressing & Marinade Italian", "cnid": "747", "productId": "36549", "size": "16 oz btl"},
{"thumb": "http://i4.peapod.com/c/KK/KKNHZ.gif", "price": "250", "unit_price": "$.16/ oz", "name": "Ken's Steak House Dressing Balsamic Vinaigrette", "cnid": "747", "productId": "148407", "size": "16 oz btl"},
{"thumb": "http://i4.peapod.com/c/KK/KKNHZ.gif", "price": "250", "unit_price": "$.16/ oz", "name": "Ken's Steak House Dressing Balsamic Vinaigrette Lite", "cnid": "747", "productId": "145012", "size": "16 oz btl"},
{"thumb": "http://i4.peapod.com/c/KK/KKNHZ.gif", "price": "250", "unit_price": "$.16/ oz", "name": "Ken's Steak House Dressing Balsamic with Honey", "cnid": "747", "productId": "157789", "size": "16 oz btl"},
{"thumb": "http://i4.peapod.com/c/KK/KKNHZ.gif", "price": "250", "unit_price": "$.16/ oz", "name": "Ken's Steak House Dressing Caesar Lite", "cnid": "747", "productId": "36550", "size": "16 oz btl"},
{"thumb": "http://i4.peapod.com/c/KK/KKNHZ.gif", "price": "250", "unit_price": "$.16/ oz", "name": "Ken's Steak House Dressing Chunky Blue Cheese", "cnid": "747", "productId": "128304", "size": "16 oz btl"},
{"thumb": "http://i4.peapod.com/c/KK/KKNHZ.gif", "price": "539", "unit_price": "$.22/ oz", "name": "Ken's Steak House Dressing Chunky Blue Cheese", "cnid": "747", "productId": "150412", "size": "24 oz sqz"},
{"thumb": "http://i4.peapod.com/c/KK/KKNHZ.gif", "price": "250", "unit_price": "$.16/ oz", "name": "Ken's Steak House Dressing Chunky Blue Cheese Lite", "cnid": "747", "productId": "160975", "size": "16 oz btl"},
{"thumb": "http://i4.peapod.com/c/KK/KKNHZ.gif", "price": "250", "unit_price": "$.31/ oz", "name": "Ken's Steak House Dressing Creamy Caesar", "cnid": "747", "productId": "145013", "size": "16 oz btl"},
{"thumb": "http://i4.peapod.com/c/KK/KKNHZ.gif", "price": "250", "unit_price": "$.16/ oz", "name": "Ken's Steak House Dressing Creamy Caesar Lite", "cnid": "747", "productId": "150410", "size": "16 oz btl"},
{"thumb": "http://i4.peapod.com/c/KK/KKNHZ.gif", "price": "539", "unit_price": "$.22/ oz", "name": "Ken's Steak House Dressing Honey Mustard", "cnid": "747", "productId": "150413", "size": "24 oz sqz"},
{"thumb": "http://i4.peapod.com/c/KK/KKNHZ.gif", "price": "539", "unit_price": "$.22/ oz", "name": "Ken's Steak House Dressing Honey Mustard Lite", "cnid": "747", "productId": "160976", "size": "24 oz sqz"},
{"thumb": "http://i4.peapod.com/c/KK/KKNHZ.gif", "price": "250", "unit_price": "$.16/ oz", "name": "Ken's Steak House Dressing Italian Lite", "cnid": "747", "productId": "36551", "size": "16 oz btl"},
{"thumb": "http://i4.peapod.com/c/KK/KKNHZ.gif", "price": "250", "unit_price": "$.16/ oz", "name": "Ken's Steak House Dressing Northern Italian with Basil & Romano Lite", "cnid": "747", "productId": "122390", "size": "16 oz btl"},
{"thumb": "http://i4.peapod.com/c/KK/KKNHZ.gif", "price": "250", "unit_price": "$.16/ oz", "name": "Ken's Steak House Dressing Ranch", "cnid": "747", "productId": "36544", "size": "16 oz btl"},
{"thumb": "http://i4.peapod.com/c/KK/KKNHZ.gif", "price": "250", "unit_price": "$.16/ oz", "name": "Ken's Steak House Dressing Raspberry Walnut Vinaigrette Lite", "cnid": "747", "productId": "128303", "size": "16 oz btl"},
{"thumb": "http://i4.peapod.com/c/KK/KKNHZ.gif", "price": "250", "unit_price": "$.16/ oz", "name": "Ken's Steak House Dressing Red Wine Vinegar & Olive Oil Lite", "cnid": "747", "productId": "36545", "size": "16 oz btl"},
{"thumb": "http://i4.peapod.com/c/KK/KKNHZ.gif", "price": "250", "unit_price": "$.16/ oz", "name": "Ken's Steak House Dressing Russian", "cnid": "747", "productId": "117529", "size": "16 oz btl"},
{"thumb": "http://i4.peapod.com/c/KK/KKNHZ.gif", "price": "250", "unit_price": "$.16/ oz", "name": "Ken's Steak House Dressing Thousand Island", "cnid": "747", "productId": "57315", "size": "16 oz btl"},
{"thumb": "http://i4.peapod.com/c/KK/KKNHZ.gif", "price": "250", "unit_price": "$.16/ oz", "name": "Ken's Steak House Dressing Zesty Italian", "cnid": "747", "productId": "150411", "size": "16 oz btl"},
{"thumb": "http://i4.peapod.com/c/KK/KKNHZ.gif", "price": "200", "unit_price": "$.12/ oz", "name": "Kraft Anything Dressing Classic Catalina", "cnid": "747", "productId": "1824", "size": "16 oz btl"},
{"thumb": "http://i4.peapod.com/c/KK/KKNHZ.gif", "price": "200", "unit_price": "$.12/ oz", "name": "Kraft Anything Dressing Classic Ranch", "cnid": "747", "productId": "26822", "size": "16 oz btl"},
{"thumb": "http://i4.peapod.com/c/KK/KKNHZ.gif", "price": "200", "unit_price": "$.12/ oz", "name": "Kraft Anything Dressing Peppercorn Ranch", "cnid": "747", "productId": "11203", "size": "16 oz btl"},
{"thumb": "http://i4.peapod.com/c/KK/KKNHZ.gif", "price": "200", "unit_price": "$.12/ oz", "name": "Kraft Anything Dressing Thousand Island Fat Free", "cnid": "747", "productId": "1809", "size": "16 oz btl"},
{"thumb": "http://i4.peapod.com/c/KK/KKNHZ.gif", "price": "200", "unit_price": "$.12/ oz", "name": "Kraft Anything Dressing Zesty Italian", "cnid": "747", "productId": "19566", "size": "16 oz btl"},
{"thumb": "http://i4.peapod.com/c/KK/KKNHZ.gif", "price": "329", "unit_price": "$.41/ oz", "name": "Maple Grove Farms Dressing Balsamic Vinaigrette Fat Free", "cnid": "747", "productId": "123543", "size": "8 oz btl"},
{"thumb": "http://i4.peapod.com/c/KK/KKNHZ.gif", "price": "329", "unit_price": "$.41/ oz", "name": "Maple Grove Farms Dressing Honey Dijon Fat Free", "cnid": "747", "productId": "42119", "size": "8 oz btl"},
{"thumb": "http://i4.peapod.com/c/KK/KKNHZ.gif", "price": "329", "unit_price": "$.41/ oz", "name": "Maple Grove Farms Dressing Lime Basil Fat Free", "cnid": "747", "productId": "137659", "size": "8 oz btl"},
{"thumb": "http://i4.peapod.com/c/KK/KKNHZ.gif", "price": "329", "unit_price": "$.41/ oz", "name": "Maple Grove Farms Dressing Raspberry Vinaigrette Fat Free", "cnid": "747", "productId": "83856", "size": "8 oz btl"},
{"thumb": "http://i4.peapod.com/c/KK/KKNHZ.gif", "price": "299", "unit_price": "$.25/ oz", "name": "Marie's Dressing Caesar All Natural", "cnid": "747", "productId": "51373", "size": "12 oz jar"},
{"thumb": "http://i4.peapod.com/c/KK/KKNHZ.gif", "price": "299", "unit_price": "$.25/ oz", "name": "Marie's Dressing Chunky Blue Cheese All Natural", "cnid": "747", "productId": "7194", "size": "12 oz jar"},
{"thumb": "http://i4.peapod.com/c/KK/KKNHZ.gif", "price": "299", "unit_price": "$.25/ oz", "name": "Marie's Dressing Chunky Blue Cheese Lite All Natural", "cnid": "747", "productId": "7195", "size": "12 oz jar"},
{"thumb": "http://i4.peapod.com/c/KK/KKNHZ.gif", "price": "299", "unit_price": "$.25/ oz", "name": "Marie's Dressing Cole Slaw All Natural", "cnid": "747", "productId": "106194", "size": "12 oz jar"},
{"thumb": "http://i4.peapod.com/c/KK/KKNHZ.gif", "price": "299", "unit_price": "$.25/ oz", "name": "Marie's Dressing Creamy Italian Garlic All Natural", "cnid": "747", "productId": "7186", "size": "12 oz jar"},
{"thumb": "http://i4.peapod.com/c/KK/KKNHZ.gif", "price": "299", "unit_price": "$.26/ oz", "name": "Marie's Dressing Greek Vinaigrette with Feta Cheese & Garlic All Natural", "cnid": "747", "productId": "162472", "size": "11.5 oz btl"},
{"thumb": "http://i4.peapod.com/c/KK/KKNHZ.gif", "price": "299", "unit_price": "$.25/ oz", "name": "Marie's Dressing Super Blue Cheese All Natural", "cnid": "747", "productId": "124366", "size": "12 oz jar"},
{"thumb": "http://i4.peapod.com/c/KK/KKNHZ.gif", "price": "299", "unit_price": "$.25/ oz", "name": "Marie's Salad Dressing Creamy Ranch", "cnid": "747", "productId": "7188", "size": "12 oz jar"},
{"thumb": "http://i4.peapod.com/c/KK/KKNHZ.gif", "price": "199", "unit_price": "$.40/ oz", "name": "Marzetti Croutons Cheese & Garlic Large Cut All Natural", "cnid": "747", "productId": "159483", "size": "5 oz bag"},
{"thumb": "http://i4.peapod.com/c/KK/KKNHZ.gif", "price": "449", "unit_price": "$.30/ oz", "name": "Marzetti Dressing Asiago Peppercorn All Natural", "cnid": "747", "productId": "17704", "size": "15 oz jar"},
{"thumb": "http://i4.peapod.com/c/KK/KKNHZ.gif", "price": "449", "unit_price": "$.30/ oz", "name": "Marzetti Dressing Classic Ranch All Natural", "cnid": "747", "productId": "140871", "size": "15 oz jar"},
{"thumb": "http://i4.peapod.com/c/KK/KKNHZ.gif", "price": "449", "unit_price": "$.30/ oz", "name": "Marzetti Salad Dressing The Ultimate Gorgonzola Cheese All Natural", "cnid": "747", "productId": "151268", "size": "15 oz jar"},
{"thumb": "http://i4.peapod.com/c/KK/KKNHZ.gif", "price": "229", "unit_price": "$.52/ oz", "name": "McCormick Bac 'n Pieces Bits", "cnid": "747", "productId": "93654", "size": "4.4 oz jar"},
{"thumb": "http://i4.peapod.com/c/KK/KKNHZ.gif", "price": "229", "unit_price": "$.56/ oz", "name": "McCormick Bac 'n Pieces Chips", "cnid": "747", "productId": "7545", "size": "4.1 oz jar"},
{"thumb": "http://i4.peapod.com/c/KK/KKNHZ.gif", "price": "259", "unit_price": "$.69/ oz", "name": "McCormick Salad Toppins Crunchy", "cnid": "747", "productId": "12252", "size": "3.75 oz jar"},
{"thumb": "http://i4.peapod.com/c/KK/KKNHZ.gif", "price": "250", "unit_price": "$.16/ oz", "name": "Naturally Delicious Salad Dressing Balsamic Vinaigrette All Natural", "cnid": "747", "productId": "159147", "size": "16 oz btl"},
{"thumb": "http://i4.peapod.com/c/KK/KKNHZ.gif", "price": "250", "unit_price": "$.16/ oz", "name": "Naturally Delicious Salad Dressing Chipotle Ranch All Natural", "cnid": "747", "productId": "159148", "size": "16 oz btl"},
{"thumb": "http://i4.peapod.com/c/KK/KKNHZ.gif", "price": "250", "unit_price": "$.16/ oz", "name": "Naturally Delicious Salad Dressing Raspberry Vinaigrette Light All Natural", "cnid": "747", "productId": "159149", "size": "16 oz btl"},
{"thumb": "http://i4.peapod.com/c/KK/KKNHZ.gif", "price": "299", "unit_price": "$.25/ oz", "name": "Nature's Promise Organics Salad Dressing Balsamic Vinaigrette", "cnid": "747", "productId": "145288", "size": "12 oz btl"},
{"thumb": "http://i4.peapod.com/c/KK/KKNHZ.gif", "price": "299", "unit_price": "$.25/ oz", "name": "Nature's Promise Organics Salad Dressing Italian", "cnid": "747", "productId": "145289", "size": "12 oz btl"},
{"thumb": "http://i4.peapod.com/c/KK/KKNHZ.gif", "price": "419", "unit_price": "$.26/ oz", "name": "Newman's Own Salad Dressing Balsamic Vinaigrette All Natural", "cnid": "747", "productId": "78755", "size": "16 oz btl"},
{"thumb": "http://i4.peapod.com/c/KK/KKNHZ.gif", "price": "419", "unit_price": "$.26/ oz", "name": "Newman's Own Salad Dressing Balsamic Vinaigrette Lite All Natural", "cnid": "747", "productId": "130306", "size": "16 oz btl"},
{"thumb": "http://i4.peapod.com/c/KK/KKNHZ.gif", "price": "419", "unit_price": "$.26/ oz", "name": "Newman's Own Salad Dressing Caesar Creamy All Natural", "cnid": "747", "productId": "160974", "size": "16 oz btl"},
{"thumb": "http://i4.peapod.com/c/KK/KKNHZ.gif", "price": "419", "unit_price": "$.26/ oz", "name": "Newman's Own Salad Dressing Family Recipe Italian All Natural", "cnid": "747", "productId": "104879", "size": "16 oz btl"},
{"thumb": "http://i4.peapod.com/c/KK/KKNHZ.gif", "price": "419", "unit_price": "$.26/ oz", "name": "Newman's Own Salad Dressing Honey Mustard Lite All Natural", "cnid": "747", "productId": "148987", "size": "16 oz btl"},
{"thumb": "http://i4.peapod.com/c/KK/KKNHZ.gif", "price": "419", "unit_price": "$.26/ oz", "name": "Newman's Own Salad Dressing Italian Lite All Natural", "cnid": "747", "productId": "1646", "size": "16 oz btl"},
{"thumb": "http://i4.peapod.com/c/KK/KKNHZ.gif", "price": "419", "unit_price": "$.26/ oz", "name": "Newman's Own Salad Dressing Olive Oil & Vinegar All Natural", "cnid": "747", "productId": "1644", "size": "16 oz btl"},
{"thumb": "http://i4.peapod.com/c/KK/KKNHZ.gif", "price": "419", "unit_price": "$.26/ oz", "name": "Newman's Own Salad Dressing Poppy Seed All Natural", "cnid": "747", "productId": "157657", "size": "16 oz btl"},
{"thumb": "http://i4.peapod.com/c/KK/KKNHZ.gif", "price": "419", "unit_price": "$.26/ oz", "name": "Newman's Own Salad Dressing Raspberry & Walnut Lite All Natural", "cnid": "747", "productId": "137298", "size": "16 oz btl"},
{"thumb": "http://i4.peapod.com/c/KK/KKNHZ.gif", "price": "299", "unit_price": "$.37/ oz", "name": "Olde Cape Cod Salad Dressing Honey French Lite All Natural", "cnid": "747", "productId": "57289", "size": "8 oz btl"},
{"thumb": "http://i4.peapod.com/c/KK/KKNHZ.gif", "price": "299", "unit_price": "$.37/ oz", "name": "Olde Cape Cod Salad Dressing Raspberry Vinaigrette Lite All Natural", "cnid": "747", "productId": "57096", "size": "8 oz btl"},
{"thumb": "http://i4.peapod.com/c/KK/KKNHZ.gif", "price": "299", "unit_price": "$.37/ oz", "name": "Olde Cape Cod Salad Dressing Sweet & Sour Poppy Seed Light All Natural", "cnid": "747", "productId": "57293", "size": "8 oz btl"},
{"thumb": "http://i4.peapod.com/c/KK/KKNHZ.gif", "price": "159", "unit_price": "$.26/ oz", "name": "Rothbury Farms Croutons Cheese Garlic", "cnid": "747", "productId": "55033", "size": "6 oz bag"},
{"thumb": "http://i4.peapod.com/c/KK/KKNHZ.gif", "price": "159", "unit_price": "$.26/ oz", "name": "Rothbury Farms Croutons Seasoned", "cnid": "747", "productId": "61795", "size": "6 oz bag"},
{"thumb": "http://i4.peapod.com/c/KK/KKNHZ.gif", "price": "219", "unit_price": "$.14/ oz", "name": "Stop & Shop Dressing Light Italian", "cnid": "747", "productId": "179370", "size": "16 oz btl"},
{"thumb": "http://i4.peapod.com/c/KK/KKNHZ.gif", "price": "150", "unit_price": "$.54/ oz", "name": "Stop & Shop Onions Crispy Fried", "cnid": "747", "productId": "179376", "size": "2.8 oz can"},
{"thumb": "http://i4.peapod.com/c/KK/KKNHZ.gif", "price": "319", "unit_price": "$.20/ oz", "name": "Wish-Bone Dressing Balsamic & Basil Vinaigrette Light", "cnid": "747", "productId": "156632", "size": "16 oz btl"},
{"thumb": "http://i4.peapod.com/c/KK/KKNHZ.gif", "price": "319", "unit_price": "$.20/ oz", "name": "Wish-Bone Dressing Balsamic Vinaigrette", "cnid": "747", "productId": "101493", "size": "16 oz btl"},
{"thumb": "http://i4.peapod.com/c/KK/KKNHZ.gif", "price": "319", "unit_price": "$.20/ oz", "name": "Wish-Bone Dressing Chunky Blue Cheese", "cnid": "747", "productId": "12237", "size": "16 oz btl"},
{"thumb": "http://i4.peapod.com/c/KK/KKNHZ.gif", "price": "319", "unit_price": "$.20/ oz", "name": "Wish-Bone Dressing Chunky Blue Cheese Fat Free", "cnid": "747", "productId": "47408", "size": "16 oz btl"},
{"thumb": "http://i4.peapod.com/c/KK/KKNHZ.gif", "price": "319", "unit_price": "$.20/ oz", "name": "Wish-Bone Dressing Creamy Caesar Light", "cnid": "747", "productId": "115083", "size": "16 oz btl"},
{"thumb": "http://i4.peapod.com/c/KK/KKNHZ.gif", "price": "319", "unit_price": "$.20/ oz", "name": "Wish-Bone Dressing Creamy Italian", "cnid": "747", "productId": "47409", "size": "16 oz btl"},
{"thumb": "http://i4.peapod.com/c/KK/KKNHZ.gif", "price": "319", "unit_price": "$.20/ oz", "name": "Wish-Bone Dressing Deluxe French", "cnid": "747", "productId": "12235", "size": "16 oz btl"},
{"thumb": "http://i4.peapod.com/c/KK/KKNHZ.gif", "price": "319", "unit_price": "$.20/ oz", "name": "Wish-Bone Dressing Deluxe French Light", "cnid": "747", "productId": "47454", "size": "16 oz btl"},
{"thumb": "http://i4.peapod.com/c/KK/KKNHZ.gif", "price": "319", "unit_price": "$.20/ oz", "name": "Wish-Bone Dressing Honey Dijon Light", "cnid": "747", "productId": "115082", "size": "16 oz btl"},
{"thumb": "http://i4.peapod.com/c/KK/KKNHZ.gif", "price": "319", "unit_price": "$.20/ oz", "name": "Wish-Bone Dressing House Italian", "cnid": "747", "productId": "41176", "size": "16 oz btl"},
{"thumb": "http://i4.peapod.com/c/KK/KKNHZ.gif", "price": "439", "unit_price": "$.18/ oz", "name": "Wish-Bone Dressing Italian", "cnid": "747", "productId": "4139", "size": "24 oz btl"},
{"thumb": "http://i4.peapod.com/c/KK/KKNHZ.gif", "price": "319", "unit_price": "$.20/ oz", "name": "Wish-Bone Dressing Italian", "cnid": "747", "productId": "4135", "size": "16 oz btl"},
{"thumb": "http://i4.peapod.com/c/KK/KKNHZ.gif", "price": "319", "unit_price": "$.20/ oz", "name": "Wish-Bone Dressing Italian Fat Free", "cnid": "747", "productId": "39940", "size": "16 oz btl"},
{"thumb": "http://i4.peapod.com/c/KK/KKNHZ.gif", "price": "319", "unit_price": "$.20/ oz", "name": "Wish-Bone Dressing Italian Light", "cnid": "747", "productId": "123843", "size": "16 oz btl"},
{"thumb": "http://i4.peapod.com/c/KK/KKNHZ.gif", "price": "319", "unit_price": "$.20/ oz", "name": "Wish-Bone Dressing Ranch", "cnid": "747", "productId": "13796", "size": "16 oz btl"},
{"thumb": "http://i4.peapod.com/c/KK/KKNHZ.gif", "price": "319", "unit_price": "$.20/ oz", "name": "Wish-Bone Dressing Ranch Fat Free", "cnid": "747", "productId": "39938", "size": "16 oz btl"},
{"thumb": "http://i4.peapod.com/c/KK/KKNHZ.gif", "price": "319", "unit_price": "$.20/ oz", "name": "Wish-Bone Dressing Red Wine Vinaigrette", "cnid": "747", "productId": "47407", "size": "16 oz btl"},
{"thumb": "http://i4.peapod.com/c/KK/KKNHZ.gif", "price": "319", "unit_price": "$.20/ oz", "name": "Wish-Bone Dressing Robusto Italian", "cnid": "747", "productId": "10813", "size": "16 oz btl"},
{"thumb": "http://i4.peapod.com/c/KK/KKNHZ.gif", "price": "319", "unit_price": "$.20/ oz", "name": "Wish-Bone Dressing Romano Basil Vinaigrette", "cnid": "747", "productId": "137016", "size": "16 oz btl"},
{"thumb": "http://i4.peapod.com/c/KK/KKNHZ.gif", "price": "319", "unit_price": "$.20/ oz", "name": "Wish-Bone Dressing Thousand Island", "cnid": "747", "productId": "12236", "size": "16 oz btl"},
{"thumb": "http://i4.peapod.com/c/KK/KKNHZ.gif", "price": "319", "unit_price": "$.20/ oz", "name": "Wish-Bone Dressing Thousand Island Light", "cnid": "747", "productId": "118446", "size": "16 oz btl"},
{"thumb": "http://i4.peapod.com/c/KK/KKNHZ.gif", "price": "299", "unit_price": "$.85/ oz", "name": "Wonderful Almond Accents Flavored Sliced Almonds Honey Roasted", "cnid": "747", "productId": "128397", "size": "3.5 oz pkg"},
{"thumb": "http://i4.peapod.com/c/KK/KKNHZ.gif", "price": "299", "unit_price": "$.85/ oz", "name": "Wonderful Almond Accents Sliced Almonds Oven Roasted Original", "cnid": "747", "productId": "128394", "size": "3.5 oz pkg"},
{"thumb": "http://i4.peapod.com/c/KK/KKNHZ.gif", "price": "399", "unit_price": "$.12/ oz", "name": "Ba-Tampte Pickles Half Sour", "cnid": "725", "productId": "22012", "size": "32 oz jar"},
{"thumb": "http://i4.peapod.com/c/KK/KKNHZ.gif", "price": "399", "unit_price": "$.15/ oz", "name": "Boar's Head Pickles Kosher Dill Half-Cut", "cnid": "725", "productId": "140869", "size": "26 oz jar"},
{"thumb": "http://i4.peapod.com/c/KK/KKNHZ.gif", "price": "399", "unit_price": "$.15/ oz", "name": "Boar's Head Pickles Kosher Dill Spears", "cnid": "725", "productId": "140793", "size": "26 oz jar"},
{"thumb": "http://i4.peapod.com/c/KK/KKNHZ.gif", "price": "399", "unit_price": "$.15/ oz", "name": "Boar's Head Pickles Kosher Dill Whole", "cnid": "725", "productId": "85826", "size": "26 oz jar"},
{"thumb": "http://i4.peapod.com/c/KK/KKNHZ.gif", "price": "199", "unit_price": "$.20/ oz", "name": "Cains Hot Dog Relish", "cnid": "725", "productId": "34903", "size": "10 oz jar"},
{"thumb": "http://i4.peapod.com/c/KK/KKNHZ.gif", "price": "269", "unit_price": "$.17/ oz", "name": "Cains Pickles Hamburger Dill Slices", "cnid": "725", "productId": "34884", "size": "16 oz jar"},
{"thumb": "http://i4.peapod.com/c/KK/KKNHZ.gif", "price": "349", "unit_price": "$.22/ oz", "name": "Cains Pickles Sweet Gherkins", "cnid": "725", "productId": "34887", "size": "16 oz jar"},
{"thumb": "http://i4.peapod.com/c/KK/KKNHZ.gif", "price": "219", "unit_price": "$.14/ oz", "name": "Cains Relish Sweet", "cnid": "725", "productId": "34907", "size": "16 oz jar"},
{"thumb": "http://i4.peapod.com/c/KK/KKNHZ.gif", "price": "150", "unit_price": "$.35/ oz", "name": "Chi-Chi's Fiesta Chilies Green Whole", "cnid": "725", "productId": "157606", "size": "4.25 oz can"},
{"thumb": "http://i4.peapod.com/c/KK/KKNHZ.gif", "price": "350", "unit_price": "$.17/ oz", "name": "Claussen Pickles Bread 'N Butter Sandwich Slices Refrigerated", "cnid": "725", "productId": "41278", "size": "20 oz jar"},
{"thumb": "http://i4.peapod.com/c/KK/KKNHZ.gif", "price": "350", "unit_price": "$.11/ oz", "name": "Claussen Pickles Half Sours Wholes Refrigerated", "cnid": "725", "productId": "117811", "size": "32 oz jar"},
{"thumb": "http://i4.peapod.com/c/KK/KKNHZ.gif", "price": "350", "unit_price": "$.11/ oz", "name": "Claussen Pickles Hearty Garlic Deli Style Wholes Refrigerated", "cnid": "725", "productId": "158712", "size": "32 oz jar"},
{"thumb": "http://i4.peapod.com/c/KK/KKNHZ.gif", "price": "350", "unit_price": "$.17/ oz", "name": "Claussen Pickles Hearty Garlic Sandwich Slices Refrigerated", "cnid": "725", "productId": "51580", "size": "20 oz jar"},
{"thumb": "http://i4.peapod.com/c/KK/KKNHZ.gif", "price": "350", "unit_price": "$.11/ oz", "name": "Claussen Pickles Kosher Dill Halves Refrigerated", "cnid": "725", "productId": "6399", "size": "32 oz jar"},
{"thumb": "http://i4.peapod.com/c/KK/KKNHZ.gif", "price": "350", "unit_price": "$.17/ oz", "name": "Claussen Pickles Kosher Dill Mini Refrigerated", "cnid": "725", "productId": "13634", "size": "20 oz jar"},
{"thumb": "http://i4.peapod.com/c/KK/KKNHZ.gif", "price": "350", "unit_price": "$.17/ oz", "name": "Claussen Pickles Kosher Dill Sandwich Slices Refrigerated", "cnid": "725", "productId": "41280", "size": "20 oz jar"},
{"thumb": "http://i4.peapod.com/c/KK/KKNHZ.gif", "price": "350", "unit_price": "$.15/ oz", "name": "Claussen Pickles Kosher Dill Spears Refrigerated", "cnid": "725", "productId": "6400", "size": "24 oz jar"},
{"thumb": "http://i4.peapod.com/c/KK/KKNHZ.gif", "price": "350", "unit_price": "$.11/ oz", "name": "Claussen Pickles Kosher Dill Wholes Refrigerated", "cnid": "725", "productId": "6398", "size": "32 oz jar"},
{"thumb": "http://i4.peapod.com/c/KK/KKNHZ.gif", "price": "399", "unit_price": "$.44/ oz", "name": "Crosse & Blackwell Major Grey's Chutney", "cnid": "725", "productId": "2538", "size": "9 oz jar"},
{"thumb": "http://i4.peapod.com/c/KK/KKNHZ.gif", "price": "339", "unit_price": "$.31/ oz", "name": "Howard's Piccalilli Green Tomato", "cnid": "725", "productId": "184642", "size": "11 oz jar"},
{"thumb": "http://i4.peapod.com/c/KK/KKNHZ.gif", "price": "339", "unit_price": "$.31/ oz", "name": "Howard's Relish Hot Pepper", "cnid": "725", "productId": "161249", "size": "11 oz jar"},
{"thumb": "http://i4.peapod.com/c/KK/KKNHZ.gif", "price": "299", "unit_price": "$.25/ oz", "name": "Mancini Peppers Red Roasted Sweet", "cnid": "725", "productId": "13481", "size": "12 oz jar"},
{"thumb": "http://i4.peapod.com/c/KK/KKNHZ.gif", "price": "299", "unit_price": "$.25/ oz", "name": "Mancini Sweet Peppers Fried with Onions", "cnid": "725", "productId": "162014", "size": "12 oz jar"},
{"thumb": "http://i4.peapod.com/c/KK/KKNHZ.gif", "price": "299", "unit_price": "$.25/ oz", "name": "Mt. Olive Banana Pepper Rings Mild", "cnid": "725", "productId": "160542", "size": "12 oz jar"},
{"thumb": "http://i4.peapod.com/c/KK/KKNHZ.gif", "price": "299", "unit_price": "$.12/ oz", "name": "Mt. Olive Pickles Kosher Dill Sandwich Stuffers", "cnid": "725", "productId": "162818", "size": "24 oz jar"},
{"thumb": "http://i4.peapod.com/c/KK/KKNHZ.gif", "price": "200", "unit_price": "$.08/ oz", "name": "Mt. Olive Pickles Kosher Dills Baby", "cnid": "725", "productId": "160536", "size": "24 oz jar"},
{"thumb": "http://i4.peapod.com/c/KK/KKNHZ.gif", "price": "200", "unit_price": "$.08/ oz", "name": "Mt. Olive Pickles Kosher Dill Spears", "cnid": "725", "productId": "160541", "size": "24 oz jar"},
{"thumb": "http://i4.peapod.com/c/KK/KKNHZ.gif", "price": "599", "unit_price": "$.50/ oz", "name": "Norpaco Pepper Delights Cherry Peppers with Prosciutto & Provolone Cheese", "cnid": "725", "productId": "141512", "size": "12 oz jar"},
{"thumb": "http://i4.peapod.com/c/KK/KKNHZ.gif", "price": "179", "unit_price": "$.40/ oz", "name": "Old El Paso Chiles Green Chopped", "cnid": "725", "productId": "6491", "size": "4.5 oz can"},
{"thumb": "http://i4.peapod.com/c/KK/KKNHZ.gif", "price": "150", "unit_price": "$.38/ oz", "name": "Ortega Chiles Green Diced Original Fire Roasted", "cnid": "725", "productId": "20291", "size": "4 oz can"},
{"thumb": "http://i4.peapod.com/c/KK/KKNHZ.gif", "price": "339", "unit_price": "$.11/ oz", "name": "Pastene Pepperoncini Peppers Imported in Vinegar", "cnid": "725", "productId": "179813", "size": "32 oz jar"},
{"thumb": "http://i4.peapod.com/c/KK/KKNHZ.gif", "price": "200", "unit_price": "$.17/ oz", "name": "Pastene Peppers Pepperoncini", "cnid": "725", "productId": "38100", "size": "12 oz jar"},
{"thumb": "http://i4.peapod.com/c/KK/KKNHZ.gif", "price": "250", "unit_price": "$.21/ oz", "name": "Pastene Peppers Roasted", "cnid": "725", "productId": "38094", "size": "12 oz jar"},
{"thumb": "http://i4.peapod.com/c/KK/KKNHZ.gif", "price": "219", "unit_price": "$.14/ oz", "name": "Stop & Shop Pickle Chips Bread & Butter with Splenda", "cnid": "725", "productId": "167539", "size": "16 oz jar"},
{"thumb": "http://i4.peapod.com/c/KK/KKNHZ.gif", "price": "189", "unit_price": "$.12/ oz", "name": "Stop & Shop Pickles Hamburger Dills Chips", "cnid": "725", "productId": "58157", "size": "16 oz jar"},
{"thumb": "http://i4.peapod.com/c/KK/KKNHZ.gif", "price": "259", "unit_price": "$.11/ oz", "name": "Stop & Shop Pickles Kosher Dill Spears", "cnid": "725", "productId": "58153", "size": "24 oz jar"},
{"thumb": "http://i4.peapod.com/c/KK/KKNHZ.gif", "price": "169", "unit_price": "$.11/ oz", "name": "Stop & Shop Relish Sweet", "cnid": "725", "productId": "58147", "size": "16 oz jar"},
{"thumb": "http://i4.peapod.com/c/KK/KKNHZ.gif", "price": "239", "unit_price": "$.20/ oz", "name": "Vlasic Pepper Rings Hot", "cnid": "725", "productId": "150416", "size": "12 oz jar"},
{"thumb": "http://i4.peapod.com/c/KK/KKNHZ.gif", "price": "239", "unit_price": "$.20/ oz", "name": "Vlasic Pepper Rings Mild", "cnid": "725", "productId": "21657", "size": "12 oz jar"},
{"thumb": "http://i4.peapod.com/c/KK/KKNHZ.gif", "price": "329", "unit_price": "$.14/ oz", "name": "Vlasic Pickles Bread & Butter Chips", "cnid": "725", "productId": "7711", "size": "24 oz jar"},
{"thumb": "http://i4.peapod.com/c/KK/KKNHZ.gif", "price": "299", "unit_price": "$.19/ oz", "name": "Vlasic Pickles Bread & Butter Chips", "cnid": "725", "productId": "7715", "size": "16 oz jar"},
{"thumb": "http://i4.peapod.com/c/KK/KKNHZ.gif", "price": "319", "unit_price": "$.20/ oz", "name": "Vlasic Pickles Bread & Butter Stackers", "cnid": "725", "productId": "32923", "size": "16 oz jar"},
{"thumb": "http://i4.peapod.com/c/KK/KKNHZ.gif", "price": "279", "unit_price": "$.17/ oz", "name": "Vlasic Pickles Kosher Dill Baby Whole", "cnid": "725", "productId": "7714", "size": "16 oz jar"},
{"thumb": "http://i4.peapod.com/c/KK/KKNHZ.gif", "price": "369", "unit_price": "$.12/ oz", "name": "Vlasic Pickles Kosher Dill Baby Whole", "cnid": "725", "productId": "73676", "size": "32 oz jar"},
{"thumb": "http://i4.peapod.com/c/KK/KKNHZ.gif", "price": "279", "unit_price": "$.17/ oz", "name": "Vlasic Pickles Kosher Dill Gherkins", "cnid": "725", "productId": "70765", "size": "16 oz jar"},
{"thumb": "http://i4.peapod.com/c/KK/KKNHZ.gif", "price": "329", "unit_price": "$.14/ oz", "name": "Vlasic Pickles Kosher Dill Spears", "cnid": "725", "productId": "7712", "size": "24 oz jar"},
{"thumb": "http://i4.peapod.com/c/KK/KKNHZ.gif", "price": "319", "unit_price": "$.20/ oz", "name": "Vlasic Pickles Kosher Dill Stackers", "cnid": "725", "productId": "32914", "size": "16 oz jar"},
{"thumb": "http://i4.peapod.com/c/KK/KKNHZ.gif", "price": "339", "unit_price": "$.14/ oz", "name": "Vlasic Pickles Kosher Dill Stackers", "cnid": "725", "productId": "72064", "size": "24 oz jar"},
{"thumb": "http://i4.peapod.com/c/KK/KKNHZ.gif", "price": "369", "unit_price": "$.12/ oz", "name": "Vlasic Pickles Kosher Dill Whole", "cnid": "725", "productId": "7709", "size": "32 oz jar"},
{"thumb": "http://i4.peapod.com/c/KK/KKNHZ.gif", "price": "329", "unit_price": "$.14/ oz", "name": "Vlasic Pickles Polish Dill Spears", "cnid": "725", "productId": "33778", "size": "24 oz jar"},
{"thumb": "http://i4.peapod.com/c/KK/KKNHZ.gif", "price": "319", "unit_price": "$.20/ oz", "name": "Vlasic Pickles Sandwich Stackers Zesty Garlic", "cnid": "725", "productId": "51523", "size": "16 oz jar"},
{"thumb": "http://i4.peapod.com/c/KK/KKNHZ.gif", "price": "359", "unit_price": "$.22/ oz", "name": "Vlasic Pickles Sweet Gherkins", "cnid": "725", "productId": "7718", "size": "16 oz jar"},
{"thumb": "http://i4.peapod.com/c/KK/KKNHZ.gif", "price": "359", "unit_price": "$.22/ oz", "name": "Vlasic Pickles Sweet Gherkins No Sugar Added", "cnid": "725", "productId": "38680", "size": "16 oz jar"},
{"thumb": "http://i4.peapod.com/c/KK/KKNHZ.gif", "price": "219", "unit_price": "$.22/ oz", "name": "Vlasic Relish Sweet", "cnid": "725", "productId": "7723", "size": "10 oz jar"},
{"thumb": "http://i4.peapod.com/c/KK/KKNHZ.gif", "price": "439", "unit_price": "$.24/ oz", "name": "Fifty 50 Creamy Peanut Butter", "cnid": "722", "productId": "116013", "size": "18 oz jar"},
{"thumb": "http://i4.peapod.com/c/KK/KKNHZ.gif", "price": "559", "unit_price": "$.20/ oz", "name": "Jif Peanut Butter Creamy", "cnid": "722", "productId": "3553", "size": "28 oz jar"},
{"thumb": "http://i4.peapod.com/c/KK/KKNHZ.gif", "price": "369", "unit_price": "$.20/ oz", "name": "Jif Peanut Butter Creamy", "cnid": "722", "productId": "3552", "size": "18 oz jar"},
{"thumb": "http://i4.peapod.com/c/KK/KKNHZ.gif", "price": "759", "unit_price": "$.19/ oz", "name": "Jif Peanut Butter Creamy", "cnid": "722", "productId": "3556", "size": "40 oz jar"},
{"thumb": "http://i4.peapod.com/c/KK/KKNHZ.gif", "price": "369", "unit_price": "$.21/ oz", "name": "Jif Peanut Butter Creamy Low Sodium & Less Sugar", "cnid": "722", "productId": "3653", "size": "17.3 oz jar"},
{"thumb": "http://i4.peapod.com/c/KK/KKNHZ.gif", "price": "369", "unit_price": "$.20/ oz", "name": "Jif Peanut Butter Extra Crunchy", "cnid": "722", "productId": "3554", "size": "18 oz jar"},
{"thumb": "http://i4.peapod.com/c/KK/KKNHZ.gif", "price": "369", "unit_price": "$.20/ oz", "name": "Jif Peanut Butter Spread Creamy Reduced Fat", "cnid": "722", "productId": "33999", "size": "18 oz jar"},
{"thumb": "http://i4.peapod.com/c/KK/KKNHZ.gif", "price": "279", "unit_price": "$.23/ oz", "name": "Jif To Go Peanut Butter Creamy - 8 pk", "cnid": "722", "productId": "142447", "size": "12 oz pkg"},
{"thumb": "http://i4.peapod.com/c/KK/KKNHZ.gif", "price": "449", "unit_price": "$.28/ oz", "name": "Nature's Promise Organics Peanut Butter Crunchy", "cnid": "722", "productId": "136760", "size": "16 oz jar"},
{"thumb": "http://i4.peapod.com/c/KK/KKNHZ.gif", "price": "449", "unit_price": "$.28/ oz", "name": "Nature's Promise Organics Peanut Butter No Salt Added", "cnid": "722", "productId": "136761", "size": "16 oz jar"},
{"thumb": "http://i4.peapod.com/c/KK/KKNHZ.gif", "price": "449", "unit_price": "$.28/ oz", "name": "Nature's Promise Organics Peanut Butter Smooth", "cnid": "722", "productId": "136759", "size": "16 oz jar"},
{"thumb": "http://i4.peapod.com/c/KK/KKNHZ.gif", "price": "729", "unit_price": "$.18/ oz", "name": "Skippy Peanut Butter Creamy", "cnid": "722", "productId": "6753", "size": "40 oz jar"},
{"thumb": "http://i4.peapod.com/c/KK/KKNHZ.gif", "price": "349", "unit_price": "$.21/ oz", "name": "Skippy Peanut Butter Creamy", "cnid": "722", "productId": "6751", "size": "16.3 oz jar"},
{"thumb": "http://i4.peapod.com/c/KK/KKNHZ.gif", "price": "559", "unit_price": "$.20/ oz", "name": "Skippy Peanut Butter Creamy", "cnid": "722", "productId": "6752", "size": "28 oz jar"},
{"thumb": "http://i4.peapod.com/c/KK/KKNHZ.gif", "price": "349", "unit_price": "$.23/ oz", "name": "Skippy Peanut Butter Creamy Natural", "cnid": "722", "productId": "137074", "size": "15 oz jar"},
{"thumb": "http://i4.peapod.com/c/KK/KKNHZ.gif", "price": "349", "unit_price": "$.21/ oz", "name": "Skippy Peanut Butter Creamy Roasted Honey Nut", "cnid": "722", "productId": "10959", "size": "16.3 oz jar"},
{"thumb": "http://i4.peapod.com/c/KK/KKNHZ.gif", "price": "349", "unit_price": "$.21/ oz", "name": "Skippy Peanut Butter Spread Creamy Reduced Fat", "cnid": "722", "productId": "25282", "size": "16.3 oz jar"},
{"thumb": "http://i4.peapod.com/c/KK/KKNHZ.gif", "price": "349", "unit_price": "$.21/ oz", "name": "Skippy Peanut Butter Spread Super Chunk Reduced Fat", "cnid": "722", "productId": "25206", "size": "16.3 oz jar"},
{"thumb": "http://i4.peapod.com/c/KK/KKNHZ.gif", "price": "349", "unit_price": "$.21/ oz", "name": "Skippy Peanut Butter Super Chunk", "cnid": "722", "productId": "6747", "size": "16.3 oz jar"},
{"thumb": "http://i4.peapod.com/c/KK/KKNHZ.gif", "price": "559", "unit_price": "$.20/ oz", "name": "Skippy Peanut Butter Super Chunk", "cnid": "722", "productId": "6748", "size": "28 oz jar"},
{"thumb": "http://i4.peapod.com/c/KK/KKNHZ.gif", "price": "349", "unit_price": "$.23/ oz", "name": "Skippy Peanut Butter with Honey Creamy Natural", "cnid": "722", "productId": "160419", "size": "15 oz jar"},
{"thumb": "http://i4.peapod.com/c/KK/KKNHZ.gif", "price": "349", "unit_price": "$.22/ oz", "name": "Smart Balance Omega Peanut Butter Chunky Rich Roast", "cnid": "722", "productId": "148118", "size": "16 oz jar"},
{"thumb": "http://i4.peapod.com/c/KK/KKNHZ.gif", "price": "349", "unit_price": "$.22/ oz", "name": "Smart Balance Omega Peanut Butter Creamy Rich Roast", "cnid": "722", "productId": "146357", "size": "16 oz jar"},
{"thumb": "http://i4.peapod.com/c/KK/KKNHZ.gif", "price": "299", "unit_price": "$.17/ oz", "name": "Stop & Shop Peanut Butter Chunky", "cnid": "722", "productId": "57251", "size": "18 oz jar"},
{"thumb": "http://i4.peapod.com/c/KK/KKNHZ.gif", "price": "459", "unit_price": "$.16/ oz", "name": "Stop & Shop Peanut Butter Creamy", "cnid": "722", "productId": "57250", "size": "28 oz jar"},
{"thumb": "http://i4.peapod.com/c/KK/KKNHZ.gif", "price": "639", "unit_price": "$.16/ oz", "name": "Stop & Shop Peanut Butter Creamy", "cnid": "722", "productId": "57176", "size": "40 oz jar"},
{"thumb": "http://i4.peapod.com/c/KK/KKNHZ.gif", "price": "299", "unit_price": "$.19/ oz", "name": "Stop & Shop Peanut Butter Creamy All Natural", "cnid": "722", "productId": "170455", "size": "16 oz jar"},
{"thumb": "http://i4.peapod.com/c/KK/KKNHZ.gif", "price": "369", "unit_price": "$.23/ oz", "name": "Teddie Old Fashioned Peanut Butter Smooth All Natural", "cnid": "722", "productId": "35015", "size": "16 oz jar"},
{"thumb": "http://i4.peapod.com/c/KK/KKNHZ.gif", "price": "369", "unit_price": "$.23/ oz", "name": "Teddie Old Fashioned Peanut Butter Super Chunky All Natural", "cnid": "722", "productId": "35016", "size": "16 oz jar"},
{"thumb": "http://i4.peapod.com/c/KK/KKNHZ.gif", "price": "369", "unit_price": "$.23/ oz", "name": "Teddie Old Fashioned Peanut Butter Super Chunky Unsalted All Natural", "cnid": "722", "productId": "192131", "size": "16 oz jar"},
{"thumb": "http://i4.peapod.com/c/KK/KKNHZ.gif", "price": "369", "unit_price": "$.23/ oz", "name": "Teddie Old Fashioned Peanut Butter Unsalted Smooth All Natural", "cnid": "722", "productId": "35017", "size": "16 oz jar"},
{"thumb": "http://i4.peapod.com/c/KK/KKNHZ.gif", "price": "369", "unit_price": "$.23/ oz", "name": "Teddie Peanut Butter Smooth with Flax Seed All Natural", "cnid": "722", "productId": "183677", "size": "16 oz jar"},
{"thumb": "http://i4.peapod.com/c/KK/KKNHZ.gif", "price": "200", "unit_price": "$.08/ oz", "name": "Barilla Pasta Sauce Basilico Tomato & Basil", "cnid": "689", "productId": "42885", "size": "24 oz jar"},
{"thumb": "http://i4.peapod.com/c/KK/KKNHZ.gif", "price": "200", "unit_price": "$.08/ oz", "name": "Barilla Pasta Sauce Marinara Traditional All Natural", "cnid": "689", "productId": "42886", "size": "24 oz jar"},
{"thumb": "http://i4.peapod.com/c/KK/KKNHZ.gif", "price": "200", "unit_price": "$.08/ oz", "name": "Barilla Pasta Sauce Napoletana Roasted Garlic", "cnid": "689", "productId": "107815", "size": "24 oz jar"},
{"thumb": "http://i4.peapod.com/c/KK/KKNHZ.gif", "price": "200", "unit_price": "$.08/ oz", "name": "Barilla Pasta Sauce Three Cheese Formaggi", "cnid": "689", "productId": "129914", "size": "24 oz jar"},
{"thumb": "http://i4.peapod.com/c/KK/KKNHZ.gif", "price": "319", "unit_price": "$.21/ oz", "name": "Bertolli Pasta Sauce Alfredo with Aged Parmesan Cheese", "cnid": "689", "productId": "43095", "size": "15 oz jar"},
{"thumb": "http://i4.peapod.com/c/KK/KKNHZ.gif", "price": "319", "unit_price": "$.13/ oz", "name": "Bertolli Pasta Sauce Five Cheese with Asiago & Fontina Cheeses", "cnid": "689", "productId": "111670", "size": "24 oz jar"},
{"thumb": "http://i4.peapod.com/c/KK/KKNHZ.gif", "price": "319", "unit_price": "$.21/ oz", "name": "Bertolli Pasta Sauce Garlic Alfredo with Aged Parmesan Cheese", "cnid": "689", "productId": "146776", "size": "15 oz jar"},
{"thumb": "http://i4.peapod.com/c/KK/KKNHZ.gif", "price": "319", "unit_price": "$.13/ oz", "name": "Bertolli Pasta Sauce Olive Oil & Garlic", "cnid": "689", "productId": "145107", "size": "24 oz jar"},
{"thumb": "http://i4.peapod.com/c/KK/KKNHZ.gif", "price": "319", "unit_price": "$.13/ oz", "name": "Bertolli Pasta Sauce Tomato & Basil", "cnid": "689", "productId": "43032", "size": "24 oz jar"},
{"thumb": "http://i4.peapod.com/c/KK/KKNHZ.gif", "price": "319", "unit_price": "$.13/ oz", "name": "Bertolli Pasta Sauce Vidalia Onion with Roasted Garlic", "cnid": "689", "productId": "72510", "size": "24 oz jar"},
{"thumb": "http://i4.peapod.com/c/KK/KKNHZ.gif", "price": "319", "unit_price": "$.13/ oz", "name": "Bertolli Pasta Sauce Vodka", "cnid": "689", "productId": "134163", "size": "24 oz jar"},
{"thumb": "http://i4.peapod.com/c/KK/KKNHZ.gif", "price": "319", "unit_price": "$.13/ oz", "name": "Bertolli Vineyard Pasta Sauce Marinara with Burgundy Wine", "cnid": "689", "productId": "43031", "size": "24 oz jar"},
{"thumb": "http://i4.peapod.com/c/KK/KKNHZ.gif", "price": "299", "unit_price": "$.20/ oz", "name": "Boboli Pizza Sauce Traditional - 3 pk", "cnid": "689", "productId": "18334", "size": "15 oz box"},
{"thumb": "http://i4.peapod.com/c/KK/KKNHZ.gif", "price": "499", "unit_price": "$.50/ oz", "name": "Buitoni Pasta Sauce Alfredo All Natural Refrigerated", "cnid": "689", "productId": "2262", "size": "10 oz tub"},
{"thumb": "http://i4.peapod.com/c/KK/KKNHZ.gif", "price": "499", "unit_price": "$.50/ oz", "name": "Buitoni Pasta Sauce Alfredo Light Refrigerated", "cnid": "689", "productId": "158772", "size": "10 oz tub"},
{"thumb": "http://i4.peapod.com/c/KK/KKNHZ.gif", "price": "499", "unit_price": "$.33/ oz", "name": "Buitoni Pasta Sauce Marinara All Natural Refrigerated", "cnid": "689", "productId": "2259", "size": "15 oz tub"},
{"thumb": "http://i4.peapod.com/c/KK/KKNHZ.gif", "price": "599", "unit_price": "$.86/ oz", "name": "Buitoni Pasta Sauce Pesto with Basil Reduced Fat Refrigerated", "cnid": "689", "productId": "79489", "size": "7 oz tub"},
{"thumb": "http://i4.peapod.com/c/KK/KKNHZ.gif", "price": "769", "unit_price": "$.70/ oz", "name": "Buitoni Pasta Sauce Pesto with Basil Refrigerated", "cnid": "689", "productId": "158773", "size": "11 oz tub"},
{"thumb": "http://i4.peapod.com/c/KK/KKNHZ.gif", "price": "599", "unit_price": "$.86/ oz", "name": "Buitoni Pasta Sauce Pesto with Basil Refrigerated", "cnid": "689", "productId": "2261", "size": "7 oz tub"},
{"thumb": "http://i4.peapod.com/c/KK/KKNHZ.gif", "price": "250", "unit_price": "$.31/ oz", "name": "Classico Signature Recipes Pasta Sauce & Spread Traditional Basil Pesto", "cnid": "689", "productId": "122995", "size": "8.1 oz jar"},
{"thumb": "http://i4.peapod.com/c/KK/KKNHZ.gif", "price": "250", "unit_price": "$.17/ oz", "name": "Classico Signature Recipes Pasta Sauce Creamy Alfredo", "cnid": "689", "productId": "114383", "size": "15 oz jar"},
{"thumb": "http://i4.peapod.com/c/KK/KKNHZ.gif", "price": "250", "unit_price": "$.10/ oz", "name": "Classico Traditional Favorites Pasta Sauce Four Cheese", "cnid": "689", "productId": "12893", "size": "24 oz jar"},
{"thumb": "http://i4.peapod.com/c/KK/KKNHZ.gif", "price": "250", "unit_price": "$.10/ oz", "name": "Classico Traditional Favorites Pasta Sauce Italian Sausage", "cnid": "689", "productId": "51268", "size": "24 oz jar"},
{"thumb": "http://i4.peapod.com/c/KK/KKNHZ.gif", "price": "250", "unit_price": "$.10/ oz", "name": "Classico Traditional Favorites Pasta Sauce Marinara with Plum Tomatoes", "cnid": "689", "productId": "157443", "size": "24 oz jar"},
{"thumb": "http://i4.peapod.com/c/KK/KKNHZ.gif", "price": "299", "unit_price": "$.21/ oz", "name": "Classico Traditional Favorites Pasta Sauce Tomato & Basil", "cnid": "689", "productId": "51267", "size": "14 oz jar"},
{"thumb": "http://i4.peapod.com/c/KK/KKNHZ.gif", "price": "250", "unit_price": "$.10/ oz", "name": "Classico Traditional Favorites Pasta Sauce Tomato & Basil", "cnid": "689", "productId": "4243", "size": "24 oz jar"},
{"thumb": "http://i4.peapod.com/c/KK/KKNHZ.gif", "price": "179", "unit_price": "$.12/ oz", "name": "Contadina Pizza Squeeze Pizza Sauce", "cnid": "689", "productId": "6941", "size": "15 oz sqz"},
{"thumb": "http://i4.peapod.com/c/KK/KKNHZ.gif", "price": "399", "unit_price": "$.16/ oz", "name": "Emeril's Pasta Sauce Homestyle Marinara All Natural", "cnid": "689", "productId": "132327", "size": "25 oz jar"},
{"thumb": "http://i4.peapod.com/c/KK/KKNHZ.gif", "price": "399", "unit_price": "$.16/ oz", "name": "Emeril's Pasta Sauce Kicked Up Tomato", "cnid": "689", "productId": "125401", "size": "25 oz jar"},
{"thumb": "http://i4.peapod.com/c/KK/KKNHZ.gif", "price": "399", "unit_price": "$.16/ oz", "name": "Emeril's Pasta Sauce Vodka All Natural", "cnid": "689", "productId": "125402", "size": "25 oz jar"},
{"thumb": "http://i4.peapod.com/c/KK/KKNHZ.gif", "price": "215", "unit_price": "$.09/ oz", "name": "Francesco Rinaldi Hearty Pasta Sauce Neapolitan Tomato & Basil", "cnid": "689", "productId": "37473", "size": "24 oz jar"},
{"thumb": "http://i4.peapod.com/c/KK/KKNHZ.gif", "price": "215", "unit_price": "$.09/ oz", "name": "Francesco Rinaldi Hearty Pasta Sauce Sweet & Tasty Tomato", "cnid": "689", "productId": "90907", "size": "24 oz jar"},
{"thumb": "http://i4.peapod.com/c/KK/KKNHZ.gif", "price": "215", "unit_price": "$.09/ oz", "name": "Francesco Rinaldi Pasta Sauce Traditional Marinara", "cnid": "689", "productId": "127095", "size": "24 oz jar"},
{"thumb": "http://i4.peapod.com/c/KK/KKNHZ.gif", "price": "215", "unit_price": "$.09/ oz", "name": "Francesco Rinaldi Pasta Sauce Traditional Meat Flavored", "cnid": "689", "productId": "37472", "size": "24 oz jar"},
{"thumb": "http://i4.peapod.com/c/KK/KKNHZ.gif", "price": "215", "unit_price": "$.13/ oz", "name": "Francesco Rinaldi To Be Healthy Pasta Sauce Spicy Marinara", "cnid": "689", "productId": "160217", "size": "16 oz jar"},
{"thumb": "http://i4.peapod.com/c/KK/KKNHZ.gif", "price": "215", "unit_price": "$.09/ oz", "name": "Francesco Rinaldi Traditional Pasta Sauce No Salt Added", "cnid": "689", "productId": "56319", "size": "23.5 oz jar"},
{"thumb": "http://i4.peapod.com/c/KK/KKNHZ.gif", "price": "215", "unit_price": "$.09/ oz", "name": "Francesco Rinaldi Traditional Pasta Sauce Original", "cnid": "689", "productId": "37471", "size": "24 oz jar"},
{"thumb": "http://i4.peapod.com/c/KK/KKNHZ.gif", "price": "100", "unit_price": "$.04/ oz", "name": "Hunt's Premium Pasta Sauce Four Cheese", "cnid": "689", "productId": "112619", "size": "24 oz can"},
{"thumb": "http://i4.peapod.com/c/KK/KKNHZ.gif", "price": "100", "unit_price": "$.04/ oz", "name": "Hunt's Premium Pasta Sauce Meat Flavored", "cnid": "689", "productId": "2465", "size": "24 oz can"},
{"thumb": "http://i4.peapod.com/c/KK/KKNHZ.gif", "price": "100", "unit_price": "$.04/ oz", "name": "Hunt's Premium Pasta Sauce Traditional", "cnid": "689", "productId": "2464", "size": "24 oz can"},
{"thumb": "http://i4.peapod.com/c/KK/KKNHZ.gif", "price": "125", "unit_price": "$2.50/ oz", "name": "Knorr Pasta Sauce Mix Pesto", "cnid": "689", "productId": "6764", "size": ".5 oz pkt"},
{"thumb": "http://i4.peapod.com/c/KK/KKNHZ.gif", "price": "125", "unit_price": "$.78/ oz", "name": "Knorr Sauce Mix Alfredo", "cnid": "689", "productId": "6763", "size": "1.6 oz pkt"},
{"thumb": "http://i4.peapod.com/c/KK/KKNHZ.gif", "price": "125", "unit_price": "$1.04/ oz", "name": "Knorr Sauce Mix Creamy Pesto", "cnid": "689", "productId": "46506", "size": "1.2 oz pkt"},
{"thumb": "http://i4.peapod.com/c/KK/KKNHZ.gif", "price": "419", "unit_price": "$.16/ oz", "name": "Muir Glen Pasta Sauce Italian Herb Organic", "cnid": "689", "productId": "54176", "size": "25.5 oz jar"},
{"thumb": "http://i4.peapod.com/c/KK/KKNHZ.gif", "price": "419", "unit_price": "$.16/ oz", "name": "Muir Glen Pasta Sauce Tomato Basil Organic", "cnid": "689", "productId": "44582", "size": "25.5 oz jar"},
{"thumb": "http://i4.peapod.com/c/KK/KKNHZ.gif", "price": "299", "unit_price": "$.12/ oz", "name": "Nature's Promise Organics Pasta Sauce Parmesan", "cnid": "689", "productId": "147197", "size": "26 oz jar"},
{"thumb": "http://i4.peapod.com/c/KK/KKNHZ.gif", "price": "299", "unit_price": "$.12/ oz", "name": "Nature's Promise Organics Pasta Sauce Traditional", "cnid": "689", "productId": "146775", "size": "26 oz jar"},
{"thumb": "http://i4.peapod.com/c/KK/KKNHZ.gif", "price": "250", "unit_price": "$.10/ oz", "name": "Newman's Own Pasta Sauce Bombolina Tomato & Basil", "cnid": "689", "productId": "52175", "size": "24 oz jar"},
{"thumb": "http://i4.peapod.com/c/KK/KKNHZ.gif", "price": "250", "unit_price": "$.10/ oz", "name": "Newman's Own Pasta Sauce Marinara", "cnid": "689", "productId": "1647", "size": "24 oz jar"},
{"thumb": "http://i4.peapod.com/c/KK/KKNHZ.gif", "price": "250", "unit_price": "$.10/ oz", "name": "Newman's Own Pasta Sauce Sockarooni", "cnid": "689", "productId": "1649", "size": "24 oz jar"},
{"thumb": "http://i4.peapod.com/c/KK/KKNHZ.gif", "price": "250", "unit_price": "$.10/ oz", "name": "Newman's Own Pasta Sauce Vodka", "cnid": "689", "productId": "130089", "size": "24 oz jar"},
{"thumb": "http://i4.peapod.com/c/KK/KKNHZ.gif", "price": "250", "unit_price": "$.17/ oz", "name": "Pastene Clam Sauce White", "cnid": "689", "productId": "56325", "size": "15 oz can"},
{"thumb": "http://i4.peapod.com/c/KK/KKNHZ.gif", "price": "279", "unit_price": "$.10/ oz", "name": "Pastene Kitchen Ready Spaghetti Sauce", "cnid": "689", "productId": "178748", "size": "28 oz can"},
{"thumb": "http://i4.peapod.com/c/KK/KKNHZ.gif", "price": "199", "unit_price": "$.13/ oz", "name": "Pastene Pizza Sauce California", "cnid": "689", "productId": "56360", "size": "15 oz can"},
{"thumb": "http://i4.peapod.com/c/KK/KKNHZ.gif", "price": "529", "unit_price": "$.22/ oz", "name": "Pastene The Chateau Restaurant Sauce Marinara", "cnid": "689", "productId": "161240", "size": "24 oz jar"},
{"thumb": "http://i4.peapod.com/c/KK/KKNHZ.gif", "price": "529", "unit_price": "$.22/ oz", "name": "Pastene The Chateau Restaurant Tomato Sauce All Natural", "cnid": "689", "productId": "157625", "size": "24 oz jar"},
{"thumb": "http://i4.peapod.com/c/KK/KKNHZ.gif", "price": "250", "unit_price": "$.10/ oz", "name": "Prego Pasta Sauce Three Cheese", "cnid": "689", "productId": "23029", "size": "24 oz jar"},
{"thumb": "http://i4.peapod.com/c/KK/KKNHZ.gif", "price": "250", "unit_price": "$.10/ oz", "name": "Prego Pasta Sauce Tomato, Basil & Garlic", "cnid": "689", "productId": "27305", "size": "24 oz jar"},
{"thumb": "http://i4.peapod.com/c/KK/KKNHZ.gif", "price": "199", "unit_price": "$.14/ oz", "name": "Prego Pasta Sauce Traditional", "cnid": "689", "productId": "7152", "size": "14 oz jar"},
{"thumb": "http://i4.peapod.com/c/KK/KKNHZ.gif", "price": "250", "unit_price": "$.10/ oz", "name": "Prego Pasta Sauce Traditional", "cnid": "689", "productId": "7153", "size": "24 oz jar"},
{"thumb": "http://i4.peapod.com/c/KK/KKNHZ.gif", "price": "579", "unit_price": "$.09/ oz", "name": "Prego Pasta Sauce Traditional Italian 100% Natural", "cnid": "689", "productId": "43863", "size": "67 oz jar"},
{"thumb": "http://i4.peapod.com/c/KK/KKNHZ.gif", "price": "399", "unit_price": "$.09/ oz", "name": "Prego Pasta Sauce with Meat", "cnid": "689", "productId": "38816", "size": "45 oz jar"},
{"thumb": "http://i4.peapod.com/c/KK/KKNHZ.gif", "price": "250", "unit_price": "$.10/ oz", "name": "Prego Pasta Sauce with Meat", "cnid": "689", "productId": "7164", "size": "24 oz jar"},
{"thumb": "http://i4.peapod.com/c/KK/KKNHZ.gif", "price": "369", "unit_price": "$.25/ oz", "name": "Progresso Clam Sauce White with Garlic & Herbs", "cnid": "689", "productId": "117614", "size": "15 oz can"},
{"thumb": "http://i4.peapod.com/c/KK/KKNHZ.gif", "price": "199", "unit_price": "$.11/ oz", "name": "Progresso Recipe Starters Cooking Sauce Fire Roasted Tomato", "cnid": "689", "productId": "188544", "size": "18 oz can"},
{"thumb": "http://i4.peapod.com/c/KK/KKNHZ.gif", "price": "269", "unit_price": "$.17/ oz", "name": "Ragu Cheesy Pasta Sauce Classic Alfredo", "cnid": "689", "productId": "109093", "size": "16 oz jar"},
{"thumb": "http://i4.peapod.com/c/KK/KKNHZ.gif", "price": "250", "unit_price": "$.06/ oz", "name": "Ragu Chunky Pasta Sauce Tomato, Garlic & Onion", "cnid": "689", "productId": "87498", "size": "45 oz jar"},
{"thumb": "http://i4.peapod.com/c/KK/KKNHZ.gif", "price": "269", "unit_price": "$.11/ oz", "name": "Ragu Old World Pasta Sauce Traditional", "cnid": "689", "productId": "3428", "size": "24 oz jar"},
{"thumb": "http://i4.peapod.com/c/KK/KKNHZ.gif", "price": "499", "unit_price": "$.08/ oz", "name": "Ragu Old World Pasta Sauce Traditional", "cnid": "689", "productId": "117615", "size": "66 oz jar"},
{"thumb": "http://i4.peapod.com/c/KK/KKNHZ.gif", "price": "250", "unit_price": "$.06/ oz", "name": "Ragu Old World Pasta Sauce Traditional", "cnid": "689", "productId": "3449", "size": "45 oz jar"},
{"thumb": "http://i4.peapod.com/c/KK/KKNHZ.gif", "price": "269", "unit_price": "$.11/ oz", "name": "Ragu Old World Pasta Sauce with Meat", "cnid": "689", "productId": "3432", "size": "23.9 oz jar"},
{"thumb": "http://i4.peapod.com/c/KK/KKNHZ.gif", "price": "269", "unit_price": "$.11/ oz", "name": "Ragu Old World Style Pasta Sauce Marinara", "cnid": "689", "productId": "80784", "size": "24 oz jar"},
{"thumb": "http://i4.peapod.com/c/KK/KKNHZ.gif", "price": "269", "unit_price": "$.11/ oz", "name": "Ragu Pasta Sauce Tomato & Basil Light", "cnid": "689", "productId": "26526", "size": "24 oz jar"},
{"thumb": "http://i4.peapod.com/c/KK/KKNHZ.gif", "price": "269", "unit_price": "$.11/ oz", "name": "Ragu Pasta Sauce Tomato & Basil Light No Sugar Added", "cnid": "689", "productId": "34262", "size": "24 oz jar"},
{"thumb": "http://i4.peapod.com/c/KK/KKNHZ.gif", "price": "200", "unit_price": "$.14/ oz", "name": "Ragu Pizza Quick Snack Sauce Traditional", "cnid": "689", "productId": "3446", "size": "14 oz jar"},
{"thumb": "http://i4.peapod.com/c/KK/KKNHZ.gif", "price": "189", "unit_price": "$.14/ oz", "name": "Ragu Pizza Sauce Homemade Style", "cnid": "689", "productId": "3445", "size": "14 oz jar"},
{"thumb": "http://i4.peapod.com/c/KK/KKNHZ.gif", "price": "269", "unit_price": "$.11/ oz", "name": "Ragu Robusto! Pasta Sauce Parmesan & Romano", "cnid": "689", "productId": "38819", "size": "24 oz jar"},
{"thumb": "http://i4.peapod.com/c/KK/KKNHZ.gif", "price": "269", "unit_price": "$.17/ oz", "name": "Ragu Sauce Cheesy Double Cheddar", "cnid": "689", "productId": "86894", "size": "16 oz jar"},
{"thumb": "http://i4.peapod.com/c/KK/KKNHZ.gif", "price": "699", "unit_price": "$.29/ oz", "name": "Rao's Homemade Pasta Sauce Arrabbiata Fra Diavolo Hot All Natural", "cnid": "689", "productId": "117426", "size": "24 oz jar"},
{"thumb": "http://i4.peapod.com/c/KK/KKNHZ.gif", "price": "999", "unit_price": "$.31/ oz", "name": "Rao's Homemade Pasta Sauce Marinara", "cnid": "689", "productId": "140239", "size": "32 oz jar"},
{"thumb": "http://i4.peapod.com/c/KK/KKNHZ.gif", "price": "699", "unit_price": "$.29/ oz", "name": "Rao's Homemade Pasta Sauce Marinara All Natural", "cnid": "689", "productId": "117427", "size": "24 oz jar"},
{"thumb": "http://i4.peapod.com/c/KK/KKNHZ.gif", "price": "699", "unit_price": "$.45/ oz", "name": "Rao's Homemade Pasta Sauce Marinara All Natural", "cnid": "689", "productId": "122469", "size": "15.5 oz jar"},
{"thumb": "http://i4.peapod.com/c/KK/KKNHZ.gif", "price": "699", "unit_price": "$.29/ oz", "name": "Rao's Homemade Pasta Sauce Tomato Basil All Natural", "cnid": "689", "productId": "156885", "size": "24 oz jar"},
{"thumb": "http://i4.peapod.com/c/KK/KKNHZ.gif", "price": "699", "unit_price": "$.29/ oz", "name": "Rao's Homemade Pasta Sauce Vodka All Natural", "cnid": "689", "productId": "117422", "size": "24 oz jar"},
{"thumb": "http://i4.peapod.com/c/KK/KKNHZ.gif", "price": "259", "unit_price": "$.17/ oz", "name": "Rienzi Italian Style Pasta Sauce Clam Red", "cnid": "689", "productId": "72444", "size": "15 oz can"},
{"thumb": "http://i4.peapod.com/c/KK/KKNHZ.gif", "price": "259", "unit_price": "$.17/ oz", "name": "Rienzi Italian Style Pasta Sauce Clam White", "cnid": "689", "productId": "96052", "size": "15 oz can"},
{"thumb": "http://i4.peapod.com/c/KK/KKNHZ.gif", "price": "350", "unit_price": "$.14/ oz", "name": "Simply Enjoy Pasta Sauce Fra Diavolo", "cnid": "689", "productId": "143128", "size": "25 oz jar"},
{"thumb": "http://i4.peapod.com/c/KK/KKNHZ.gif", "price": "350", "unit_price": "$.14/ oz", "name": "Simply Enjoy Pasta Sauce Marinara", "cnid": "689", "productId": "143127", "size": "25 oz jar"},
{"thumb": "http://i4.peapod.com/c/KK/KKNHZ.gif", "price": "350", "unit_price": "$.14/ oz", "name": "Simply Enjoy Pasta Sauce Tomato Basil", "cnid": "689", "productId": "143129", "size": "25 oz jar"},
{"thumb": "http://i4.peapod.com/c/KK/KKNHZ.gif", "price": "350", "unit_price": "$.14/ oz", "name": "Simply Enjoy Pasta Sauce Vodka", "cnid": "689", "productId": "143126", "size": "25 oz jar"},
{"thumb": "http://i4.peapod.com/c/KK/KKNHZ.gif", "price": "399", "unit_price": "$.36/ oz", "name": "Stop & Shop Pasta Sauce Alfredo Fresh", "cnid": "689", "productId": "19709", "size": "11 oz tub"},
{"thumb": "http://i4.peapod.com/c/KK/KKNHZ.gif", "price": "599", "unit_price": "$.25/ oz", "name": "Stop & Shop Pasta Sauce Marinara Tomato Basil with Garlic Refrigerated", "cnid": "689", "productId": "186636", "size": "24 oz tub"},
{"thumb": "http://i4.peapod.com/c/KK/KKNHZ.gif", "price": "499", "unit_price": "$.71/ oz", "name": "Stop & Shop Pasta Sauce Pesto Fresh", "cnid": "689", "productId": "143250", "size": "7 oz tub"},
{"thumb": "http://i4.peapod.com/c/KK/KKNHZ.gif", "price": "200", "unit_price": "$.08/ oz", "name": "Stop & Shop Pasta Sauce Traditional All Natural", "cnid": "689", "productId": "56473", "size": "24 oz jar"},
{"thumb": "http://i4.peapod.com/c/KK/KKNHZ.gif", "price": "500", "unit_price": "$.21/ oz", "name": "Victoria Pasta Sauce Fra Diavolo", "cnid": "689", "productId": "119446", "size": "24 oz jar"},
{"thumb": "http://i4.peapod.com/c/KK/KKNHZ.gif", "price": "500", "unit_price": "$.20/ oz", "name": "Victoria Pasta Sauce Marinara", "cnid": "689", "productId": "114031", "size": "25 oz jar"},
{"thumb": "http://i4.peapod.com/c/KK/KKNHZ.gif", "price": "500", "unit_price": "$.21/ oz", "name": "Victoria Pasta Sauce Vodka", "cnid": "689", "productId": "114032", "size": "24 oz jar"},
{"thumb": "http://i4.peapod.com/c/KK/KKNHZ.gif", "price": "449", "unit_price": "$1.28/ oz", "name": "Crosse & Blackwell Capers Non-Pareil", "cnid": "680", "productId": "25634", "size": "3.5 oz jar"},
{"thumb": "http://i4.peapod.com/c/KK/KKNHZ.gif", "price": "799", "unit_price": "$7.99/ lb", "name": "DeLallo Deli Calamata Olives Jumbo Unpitted", "cnid": "680", "productId": "139209", "size": "apx 1 lb"},
{"thumb": "http://i4.peapod.com/c/KK/KKNHZ.gif", "price": "149", "unit_price": "$.37/ oz", "name": "Goya Pimientos Sliced", "cnid": "680", "productId": "157587", "size": "4 oz jar"},
{"thumb": "http://i4.peapod.com/c/KK/KKNHZ.gif", "price": "599", "unit_price": "$.60/ oz", "name": "Mezzetta Olives Garlic Stuffed", "cnid": "680", "productId": "174069", "size": "10 oz jar"},
{"thumb": "http://i4.peapod.com/c/KK/KKNHZ.gif", "price": "219", "unit_price": "$.38/ oz", "name": "Musco Family Olive Co. Black Pearls Ripe Olives Jumbo Pitted", "cnid": "680", "productId": "58173", "size": "5.75 oz can"},
{"thumb": "http://i4.peapod.com/c/KK/KKNHZ.gif", "price": "150", "unit_price": "$.25/ oz", "name": "Musco Family Olive Co. Black Pearls Ripe Olives Large Pitted", "cnid": "680", "productId": "36607", "size": "6 oz can"},
{"thumb": "http://i4.peapod.com/c/KK/KKNHZ.gif", "price": "150", "unit_price": "$.25/ oz", "name": "Musco Family Olive Co. Black Pearls Ripe Olives Medium Pitted", "cnid": "680", "productId": "58172", "size": "6 oz can"},
{"thumb": "http://i4.peapod.com/c/KK/KKNHZ.gif", "price": "139", "unit_price": "$.62/ oz", "name": "Musco Family Olive Co. Black Pearls Ripe Olives Sliced", "cnid": "680", "productId": "58171", "size": "2.25 oz can"},
{"thumb": "http://i4.peapod.com/c/KK/KKNHZ.gif", "price": "150", "unit_price": "$.25/ oz", "name": "Musco Family Olive Co. Black Pearls Ripe Olives Small Pitted", "cnid": "680", "productId": "36608", "size": "6 oz can"},
{"thumb": "http://i4.peapod.com/c/KK/KKNHZ.gif", "price": "300", "unit_price": "$.86/ oz", "name": "Pastene Capers", "cnid": "680", "productId": "38086", "size": "3.5 oz jar"},
{"thumb": "http://i4.peapod.com/c/KK/KKNHZ.gif", "price": "499", "unit_price": "$.77/ oz", "name": "Pastene Kalamata Olives Imported Pitted", "cnid": "680", "productId": "183010", "size": "6.5 oz jar"},
{"thumb": "http://i4.peapod.com/c/KK/KKNHZ.gif", "price": "229", "unit_price": "$.33/ oz", "name": "Pastene Manzanilla Olives Stuffed", "cnid": "680", "productId": "38120", "size": "7 oz jar"},
{"thumb": "http://i4.peapod.com/c/KK/KKNHZ.gif", "price": "150", "unit_price": "$.25/ oz", "name": "Stop & Shop Black Ripe Olives Large Pitted", "cnid": "680", "productId": "58137", "size": "6 oz can"},
{"thumb": "http://i4.peapod.com/c/KK/KKNHZ.gif", "price": "150", "unit_price": "$.25/ oz", "name": "Stop & Shop Black Ripe Olives Small Pitted", "cnid": "680", "productId": "58136", "size": "6 oz can"},
{"thumb": "http://i4.peapod.com/c/KK/KKNHZ.gif", "price": "599", "unit_price": "$1.00/ oz", "name": "Stop & Shop Green Olives Pitted", "cnid": "680", "productId": "186029", "size": "6 oz tub"},
{"thumb": "http://i4.peapod.com/c/KK/KKNHZ.gif", "price": "599", "unit_price": "$.75/ oz", "name": "Stop & Shop Olive Medley Seasoned with Herbs & Spices", "cnid": "680", "productId": "186255", "size": "8 oz cup"},
{"thumb": "http://i4.peapod.com/c/KK/KKNHZ.gif", "price": "239", "unit_price": "$.34/ oz", "name": "Stop & Shop Olives Queen Stuffed", "cnid": "680", "productId": "58140", "size": "7 oz jar"},
{"thumb": "http://i4.peapod.com/c/KK/KKNHZ.gif", "price": "150", "unit_price": "$.25/ oz", "name": "Stop & Shop Ripe Olives Medium Pitted", "cnid": "680", "productId": "60940", "size": "6 oz can"},
{"thumb": "http://i4.peapod.com/c/KK/KKNHZ.gif", "price": "109", "unit_price": "$.48/ oz", "name": "Stop & Shop Ripe Olives Sliced", "cnid": "680", "productId": "58141", "size": "2.25 oz can"},
{"thumb": "http://i4.peapod.com/c/KK/KKNHZ.gif", "price": "139", "unit_price": "$.24/ oz", "name": "Stop & Shop Spanish Manzanilla Olives", "cnid": "680", "productId": "58142", "size": "5.75 oz jar"},
{"thumb": "http://i4.peapod.com/c/KK/KKNHZ.gif", "price": "329", "unit_price": "$.22/ oz", "name": "Stop & Shop Spanish Manzanilla Olives Stuffed", "cnid": "680", "productId": "150417", "size": "15 oz jar"},
{"thumb": "http://i4.peapod.com/c/KK/KKNHZ.gif", "price": "599", "unit_price": "$.40/ oz", "name": "I.M. Healthy Net 1 Carb SoyNut Butter Creamy Peanut Free Unsweetened", "cnid": "714", "productId": "171579", "size": "15 oz jar"},
{"thumb": "http://i4.peapod.com/c/KK/KKNHZ.gif", "price": "599", "unit_price": "$.40/ oz", "name": "I.M. Healthy SoyNut Butter Honey Creamy Peanut Free", "cnid": "714", "productId": "116794", "size": "15 oz jar"},
{"thumb": "http://i4.peapod.com/c/KK/KKNHZ.gif", "price": "1069", "unit_price": "$.67/ oz", "name": "Nature's Promise Organics Almond Butter", "cnid": "714", "productId": "150418", "size": "16 oz jar"},
{"thumb": "http://i4.peapod.com/c/KK/KKNHZ.gif", "price": "799", "unit_price": "$.30/ oz", "name": "Nutella Spread Hazelnut with Skim Milk & Cocoa", "cnid": "714", "productId": "162830", "size": "26.5 oz jar"},
{"thumb": "http://i4.peapod.com/c/KK/KKNHZ.gif", "price": "449", "unit_price": "$.34/ oz", "name": "Nutella Spread Hazelnut with Skim Milk & Cocoa", "cnid": "714", "productId": "29600", "size": "13 oz jar"},
{"thumb": "http://i4.peapod.com/c/KK/KKNHZ.gif", "price": "499", "unit_price": "$.38/ oz", "name": "Bonne Maman Preserves Apricot", "cnid": "590", "productId": "19493", "size": "13 oz jar"},
{"thumb": "http://i4.peapod.com/c/KK/KKNHZ.gif", "price": "499", "unit_price": "$.38/ oz", "name": "Bonne Maman Preserves Cherry", "cnid": "590", "productId": "19491", "size": "13 oz jar"},
{"thumb": "http://i4.peapod.com/c/KK/KKNHZ.gif", "price": "499", "unit_price": "$.38/ oz", "name": "Bonne Maman Preserves Raspberry", "cnid": "590", "productId": "19488", "size": "13 oz jar"},
{"thumb": "http://i4.peapod.com/c/KK/KKNHZ.gif", "price": "499", "unit_price": "$.38/ oz", "name": "Bonne Maman Preserves Strawberry", "cnid": "590", "productId": "19494", "size": "13 oz jar"},
{"thumb": "http://i4.peapod.com/c/KK/KKNHZ.gif", "price": "499", "unit_price": "$.38/ oz", "name": "Bonne Maman Preserves Wild Blueberry", "cnid": "590", "productId": "19495", "size": "13 oz jar"},
{"thumb": "http://i4.peapod.com/c/KK/KKNHZ.gif", "price": "419", "unit_price": "$.34/ oz", "name": "Favorit Swiss Preserves Peach-Mango", "cnid": "590", "productId": "149564", "size": "12.3 oz jar"},
{"thumb": "http://i4.peapod.com/c/KK/KKNHZ.gif", "price": "419", "unit_price": "$.34/ oz", "name": "Favorit Swiss Preserves Strawberry-Rhubarb", "cnid": "590", "productId": "149563", "size": "12.3 oz jar"},
{"thumb": "http://i4.peapod.com/c/KK/KKNHZ.gif", "price": "519", "unit_price": "$.43/ oz", "name": "Hero Premium Fruit Spread Blueberry", "cnid": "590", "productId": "172726", "size": "12 oz jar"},
{"thumb": "http://i4.peapod.com/c/KK/KKNHZ.gif", "price": "499", "unit_price": "$.42/ oz", "name": "Hero Premium Fruit Spread Raspberry", "cnid": "590", "productId": "159696", "size": "12 oz jar"},
{"thumb": "http://i4.peapod.com/c/KK/KKNHZ.gif", "price": "499", "unit_price": "$.42/ oz", "name": "Hero Premium Fruit Spread Strawberry", "cnid": "590", "productId": "159722", "size": "12 oz jar"},
{"thumb": "http://i4.peapod.com/c/KK/KKNHZ.gif", "price": "319", "unit_price": "$.32/ oz", "name": "Nature's Promise Organics Fruit Spread Strawberry", "cnid": "590", "productId": "136816", "size": "10 oz jar"},
{"thumb": "http://i4.peapod.com/c/KK/KKNHZ.gif", "price": "319", "unit_price": "$.32/ oz", "name": "Nature's Promise Organics Jelly Grape", "cnid": "590", "productId": "136771", "size": "10 oz jar"},
{"thumb": "http://i4.peapod.com/c/KK/KKNHZ.gif", "price": "299", "unit_price": "$.30/ oz", "name": "Polaner All Fruit with Fiber Spreadable Fruit Grape", "cnid": "590", "productId": "13751", "size": "10 oz jar"},
{"thumb": "http://i4.peapod.com/c/KK/KKNHZ.gif", "price": "399", "unit_price": "$.26/ oz", "name": "Polaner All Fruit with Fiber Spreadable Fruit Raspberry Seedless", "cnid": "590", "productId": "33929", "size": "15.2 oz jar"},
{"thumb": "http://i4.peapod.com/c/KK/KKNHZ.gif", "price": "299", "unit_price": "$.30/ oz", "name": "Polaner All Fruit with Fiber Spreadable Fruit Red Raspberry Seedless", "cnid": "590", "productId": "22247", "size": "10 oz jar"},
{"thumb": "http://i4.peapod.com/c/KK/KKNHZ.gif", "price": "339", "unit_price": "$.25/ oz", "name": "Polaner Jam with Fiber Concord Grape Sugar Free", "cnid": "590", "productId": "155744", "size": "13.5 oz jar"},
{"thumb": "http://i4.peapod.com/c/KK/KKNHZ.gif", "price": "299", "unit_price": "$.09/ oz", "name": "Smucker's Jam Concord Grape", "cnid": "590", "productId": "34005", "size": "32 oz jar"},
{"thumb": "http://i4.peapod.com/c/KK/KKNHZ.gif", "price": "359", "unit_price": "$.28/ oz", "name": "Smucker's Jam Concord Grape Sugar Free Sweetened with Splenda", "cnid": "590", "productId": "135712", "size": "12.7 oz jar"},
{"thumb": "http://i4.peapod.com/c/KK/KKNHZ.gif", "price": "399", "unit_price": "$.22/ oz", "name": "Smucker's Jam Red Raspberry Seedless", "cnid": "590", "productId": "151064", "size": "18 oz jar"},
{"thumb": "http://i4.peapod.com/c/KK/KKNHZ.gif", "price": "379", "unit_price": "$.12/ oz", "name": "Smucker's Jam Strawberry", "cnid": "590", "productId": "7327", "size": "32 oz jar"},
{"thumb": "http://i4.peapod.com/c/KK/KKNHZ.gif", "price": "389", "unit_price": "$.22/ oz", "name": "Smucker's Jam Strawberry Seedless", "cnid": "590", "productId": "21914", "size": "18 oz jar"},
{"thumb": "http://i4.peapod.com/c/KK/KKNHZ.gif", "price": "299", "unit_price": "$.09/ oz", "name": "Smucker's Jelly Concord Grape", "cnid": "590", "productId": "7326", "size": "32 oz jar"},
{"thumb": "http://i4.peapod.com/c/KK/KKNHZ.gif", "price": "429", "unit_price": "$.28/ oz", "name": "Smucker's Jelly Concord Grape Low Sugar", "cnid": "590", "productId": "7336", "size": "15.5 oz jar"},
{"thumb": "http://i4.peapod.com/c/KK/KKNHZ.gif", "price": "359", "unit_price": "$.20/ oz", "name": "Smucker's Marmalade Sweet Orange", "cnid": "590", "productId": "7330", "size": "18 oz jar"},
{"thumb": "http://i4.peapod.com/c/KK/KKNHZ.gif", "price": "299", "unit_price": "$.25/ oz", "name": "Smucker's Preserves Apricot", "cnid": "590", "productId": "7320", "size": "12 oz jar"},
{"thumb": "http://i4.peapod.com/c/KK/KKNHZ.gif", "price": "399", "unit_price": "$.22/ oz", "name": "Smucker's Preserves Red Raspberry", "cnid": "590", "productId": "7331", "size": "18 oz jar"},
{"thumb": "http://i4.peapod.com/c/KK/KKNHZ.gif", "price": "389", "unit_price": "$.22/ oz", "name": "Smucker's Preserves Strawberry", "cnid": "590", "productId": "7332", "size": "18 oz jar"},
{"thumb": "http://i4.peapod.com/c/KK/KKNHZ.gif", "price": "429", "unit_price": "$.28/ oz", "name": "Smucker's Preserves Strawberry Low Sugar", "cnid": "590", "productId": "7338", "size": "15.5 oz jar"},
{"thumb": "http://i4.peapod.com/c/KK/KKNHZ.gif", "price": "359", "unit_price": "$.28/ oz", "name": "Smucker's Preserves Strawberry Sugar Free Sweetened with Splenda", "cnid": "590", "productId": "27297", "size": "12.7 oz jar"},
{"thumb": "http://i4.peapod.com/c/KK/KKNHZ.gif", "price": "319", "unit_price": "$.18/ oz", "name": "Stop & Shop Jam Red Raspberry Seedless", "cnid": "590", "productId": "150405", "size": "18 oz jar"},
{"thumb": "http://i4.peapod.com/c/KK/KKNHZ.gif", "price": "299", "unit_price": "$.17/ oz", "name": "Stop & Shop Jam Strawberry Seedless", "cnid": "590", "productId": "150406", "size": "18 oz jar"},
{"thumb": "http://i4.peapod.com/c/KK/KKNHZ.gif", "price": "189", "unit_price": "$.10/ oz", "name": "Stop & Shop Jelly Apple", "cnid": "590", "productId": "57171", "size": "18 oz jar"},
{"thumb": "http://i4.peapod.com/c/KK/KKNHZ.gif", "price": "199", "unit_price": "$.11/ oz", "name": "Stop & Shop Jelly Concord Grape", "cnid": "590", "productId": "163892", "size": "18 oz jar"},
{"thumb": "http://i4.peapod.com/c/KK/KKNHZ.gif", "price": "239", "unit_price": "$.08/ oz", "name": "Stop & Shop Jelly Concord Grape", "cnid": "590", "productId": "57169", "size": "32 oz jar"},
{"thumb": "http://i4.peapod.com/c/KK/KKNHZ.gif", "price": "279", "unit_price": "$.23/ oz", "name": "Stop & Shop Jelly Mint", "cnid": "590", "productId": "57170", "size": "12 oz jar"},
{"thumb": "http://i4.peapod.com/c/KK/KKNHZ.gif", "price": "299", "unit_price": "$.17/ oz", "name": "Stop & Shop Orange Marmalade", "cnid": "590", "productId": "57157", "size": "18 oz jar"},
{"thumb": "http://i4.peapod.com/c/KK/KKNHZ.gif", "price": "299", "unit_price": "$.17/ oz", "name": "Stop & Shop Preserves Apricot", "cnid": "590", "productId": "57161", "size": "18 oz jar"},
{"thumb": "http://i4.peapod.com/c/KK/KKNHZ.gif", "price": "349", "unit_price": "$.11/ oz", "name": "Stop & Shop Preserves Strawberry", "cnid": "590", "productId": "57150", "size": "32 oz jar"},
{"thumb": "http://i4.peapod.com/c/KK/KKNHZ.gif", "price": "350", "unit_price": "$.29/ oz", "name": "Trappist Preserves Blueberry", "cnid": "590", "productId": "57143", "size": "12 oz jar"},
{"thumb": "http://i4.peapod.com/c/KK/KKNHZ.gif", "price": "259", "unit_price": "$.12/ oz", "name": "Welch's Jam Concord Grape", "cnid": "590", "productId": "83314", "size": "22 oz sqz"},
{"thumb": "http://i4.peapod.com/c/KK/KKNHZ.gif", "price": "239", "unit_price": "$.13/ oz", "name": "Welch's Jelly Concord Grape", "cnid": "590", "productId": "5725", "size": "18 oz jar"},
{"thumb": "http://i4.peapod.com/c/KK/KKNHZ.gif", "price": "259", "unit_price": "$.12/ oz", "name": "Welch's Jelly Concord Grape", "cnid": "590", "productId": "5724", "size": "22 oz sqz"},
{"thumb": "http://i4.peapod.com/c/KK/KKNHZ.gif", "price": "299", "unit_price": "$.16/ oz", "name": "Welch's Jelly Concord Grape Reduced Sugar", "cnid": "590", "productId": "171910", "size": "18.8 oz sqz"},
{"thumb": "http://i4.peapod.com/c/KK/KKNHZ.gif", "price": "200", "unit_price": "$.07/ oz", "name": "Welch's Natural Spread Concord Grape", "cnid": "590", "productId": "185628", "size": "27 oz jar"},
{"thumb": "http://i4.peapod.com/c/KK/KKNHZ.gif", "price": "369", "unit_price": "$.19/ oz", "name": "Welch's Natural Spread Strawberry Squeeze", "cnid": "590", "productId": "185630", "size": "19.8 oz sqz"},
{"thumb": "http://i4.peapod.com/c/KK/KKNHZ.gif", "price": "359", "unit_price": "$.16/ oz", "name": "Welch's Spread Strawberry", "cnid": "590", "productId": "21923", "size": "22 oz sqz"},
{"thumb": "http://i4.peapod.com/c/KK/KKNHZ.gif", "price": "359", "unit_price": "$.38/ oz", "name": "Boar's Head Horseradish Sauce Pub Style", "cnid": "589", "productId": "119521", "size": "9.5 oz sqz"},
{"thumb": "http://i4.peapod.com/c/KK/KKNHZ.gif", "price": "249", "unit_price": "$.26/ oz", "name": "Bookbinder's Sassy Horseradish Sauce Creamy", "cnid": "589", "productId": "72013", "size": "9.5 oz jar"},
{"thumb": "http://i4.peapod.com/c/KK/KKNHZ.gif", "price": "349", "unit_price": "$.35/ oz", "name": "Gold's Horseradish Sauce Mild", "cnid": "589", "productId": "170334", "size": "10 oz sqz"},
{"thumb": "http://i4.peapod.com/c/KK/KKNHZ.gif", "price": "150", "unit_price": "$.25/ oz", "name": "Gold's Prepared Horseradish Creamy Hot Style Refrigerated", "cnid": "589", "productId": "37071", "size": "6 oz jar"},
{"thumb": "http://i4.peapod.com/c/KK/KKNHZ.gif", "price": "150", "unit_price": "$.25/ oz", "name": "Gold's Prepared Horseradish Real Home Style Refrigerated", "cnid": "589", "productId": "37070", "size": "6 oz jar"},
{"thumb": "http://i4.peapod.com/c/KK/KKNHZ.gif", "price": "569", "unit_price": "$.36/ oz", "name": "Billy Bee Pure U.S. Grade A Canadian Clover Honey", "cnid": "588", "productId": "67419", "size": "16 oz btl"},
{"thumb": "http://i4.peapod.com/c/KK/KKNHZ.gif", "price": "799", "unit_price": "$.33/ oz", "name": "Golden Blossom U.S. Grade A Pure Honey Genuine Natural", "cnid": "588", "productId": "36394", "size": "24 oz btl"},
{"thumb": "http://i4.peapod.com/c/KK/KKNHZ.gif", "price": "449", "unit_price": "$.37/ oz", "name": "Nature's Promise Organics U.S. Grade A Golden Honey", "cnid": "588", "productId": "151972", "size": "12 oz jar"},
{"thumb": "http://i4.peapod.com/c/KK/KKNHZ.gif", "price": "799", "unit_price": "$.20/ oz", "name": "Stop & Shop Grade A Pure Clover Honey", "cnid": "588", "productId": "57584", "size": "40 oz sqz"},
{"thumb": "http://i4.peapod.com/c/KK/KKNHZ.gif", "price": "299", "unit_price": "$.25/ oz", "name": "Stop & Shop Grade A Pure Clover Honey (Bear)", "cnid": "588", "productId": "57586", "size": "12 oz sqz"},
{"thumb": "http://i4.peapod.com/c/KK/KKNHZ.gif", "price": "159", "unit_price": "$.15/ oz", "name": "Campbell's Gravy Chicken", "cnid": "587", "productId": "7157", "size": "10.5 oz can"},
{"thumb": "http://i4.peapod.com/c/KK/KKNHZ.gif", "price": "159", "unit_price": "$.15/ oz", "name": "Campbell's Gravy Fat Free Beef", "cnid": "587", "productId": "62578", "size": "10.5 oz can"},
{"thumb": "http://i4.peapod.com/c/KK/KKNHZ.gif", "price": "159", "unit_price": "$.15/ oz", "name": "Campbell's Gravy Fat Free Chicken", "cnid": "587", "productId": "67166", "size": "10.5 oz can"},
{"thumb": "http://i4.peapod.com/c/KK/KKNHZ.gif", "price": "159", "unit_price": "$.15/ oz", "name": "Campbell's Gravy Mushroom", "cnid": "587", "productId": "7155", "size": "10.5 oz can"},
{"thumb": "http://i4.peapod.com/c/KK/KKNHZ.gif", "price": "159", "unit_price": "$.15/ oz", "name": "Campbell's Gravy Turkey", "cnid": "587", "productId": "12425", "size": "10.5 oz can"},
{"thumb": "http://i4.peapod.com/c/KK/KKNHZ.gif", "price": "229", "unit_price": "$1.14/ oz", "name": "Gravy Master Seasoning & Browning Sauce", "cnid": "587", "productId": "15193", "size": "2 oz btl"},
{"thumb": "http://i4.peapod.com/c/KK/KKNHZ.gif", "price": "379", "unit_price": "$.76/ oz", "name": "Gravy Master Seasoning & Browning Sauce", "cnid": "587", "productId": "88398", "size": "5 oz btl"},
{"thumb": "http://i4.peapod.com/c/KK/KKNHZ.gif", "price": "189", "unit_price": "$.16/ oz", "name": "Heinz Gravy Roasted Turkey Fat Free", "cnid": "587", "productId": "34001", "size": "12 oz jar"},
{"thumb": "http://i4.peapod.com/c/KK/KKNHZ.gif", "price": "189", "unit_price": "$.16/ oz", "name": "Heinz Gravy Savory Beef Fat Free", "cnid": "587", "productId": "34002", "size": "12 oz jar"},
{"thumb": "http://i4.peapod.com/c/KK/KKNHZ.gif", "price": "189", "unit_price": "$.16/ oz", "name": "Heinz Homestyle Gravy Bistro Au Jus", "cnid": "587", "productId": "77027", "size": "12 oz jar"},
{"thumb": "http://i4.peapod.com/c/KK/KKNHZ.gif", "price": "189", "unit_price": "$.16/ oz", "name": "Heinz Homestyle Gravy Classic Chicken", "cnid": "587", "productId": "601", "size": "12 oz jar"},
{"thumb": "http://i4.peapod.com/c/KK/KKNHZ.gif", "price": "189", "unit_price": "$.16/ oz", "name": "Heinz Homestyle Gravy Pork", "cnid": "587", "productId": "42552", "size": "12 oz jar"},
{"thumb": "http://i4.peapod.com/c/KK/KKNHZ.gif", "price": "189", "unit_price": "$.16/ oz", "name": "Heinz Homestyle Gravy Roasted Turkey", "cnid": "587", "productId": "602", "size": "12 oz jar"},
{"thumb": "http://i4.peapod.com/c/KK/KKNHZ.gif", "price": "189", "unit_price": "$.16/ oz", "name": "Heinz Homestyle Gravy Savory Beef", "cnid": "587", "productId": "600", "size": "12 oz jar"},
{"thumb": "http://i4.peapod.com/c/KK/KKNHZ.gif", "price": "259", "unit_price": "$.14/ oz", "name": "Heinz Homestyle Gravy Savory Beef Value Size", "cnid": "587", "productId": "167773", "size": "18 oz btl"},
{"thumb": "http://i4.peapod.com/c/KK/KKNHZ.gif", "price": "125", "unit_price": "$2.08/ oz", "name": "Knorr Gravy Mix Au Jus", "cnid": "587", "productId": "29972", "size": ".6 oz pkt"},
{"thumb": "http://i4.peapod.com/c/KK/KKNHZ.gif", "price": "125", "unit_price": "$1.04/ oz", "name": "Knorr Gravy Mix Classic Brown", "cnid": "587", "productId": "29970", "size": "1.2 oz pkt"},
{"thumb": "http://i4.peapod.com/c/KK/KKNHZ.gif", "price": "125", "unit_price": "$1.04/ oz", "name": "Knorr Gravy Mix Roasted Chicken", "cnid": "587", "productId": "42029", "size": "1.2 oz pkt"},
{"thumb": "http://i4.peapod.com/c/KK/KKNHZ.gif", "price": "125", "unit_price": "$.96/ oz", "name": "Knorr Gravy Mix Roasted Pork", "cnid": "587", "productId": "118431", "size": "1.3 oz pkt"},
{"thumb": "http://i4.peapod.com/c/KK/KKNHZ.gif", "price": "125", "unit_price": "$1.04/ oz", "name": "Knorr Gravy Mix Roasted Turkey", "cnid": "587", "productId": "42126", "size": "1.2 oz pkt"},
{"thumb": "http://i4.peapod.com/c/KK/KKNHZ.gif", "price": "100", "unit_price": "$1.00/ oz", "name": "McCormick Gravy Mix Au Jus", "cnid": "587", "productId": "7541", "size": "1 oz pkt"},
{"thumb": "http://i4.peapod.com/c/KK/KKNHZ.gif", "price": "67", "unit_price": "$.77/ oz", "name": "McCormick Gravy Mix Brown Gravy", "cnid": "587", "productId": "7543", "size": ".87 oz pkt"},
{"thumb": "http://i4.peapod.com/c/KK/KKNHZ.gif", "price": "67", "unit_price": "$.77/ oz", "name": "McCormick Gravy Mix Brown Gravy 30% Less Sodium", "cnid": "587", "productId": "146778", "size": ".87 oz pkt"},
{"thumb": "http://i4.peapod.com/c/KK/KKNHZ.gif", "price": "100", "unit_price": "$1.15/ oz", "name": "McCormick Gravy Mix Chicken", "cnid": "587", "productId": "7507", "size": ".87 oz pkt"},
{"thumb": "http://i4.peapod.com/c/KK/KKNHZ.gif", "price": "100", "unit_price": "$1.15/ oz", "name": "McCormick Gravy Mix Pork", "cnid": "587", "productId": "7540", "size": ".87 oz pkt"},
{"thumb": "http://i4.peapod.com/c/KK/KKNHZ.gif", "price": "100", "unit_price": "$1.15/ oz", "name": "McCormick Gravy Mix Turkey", "cnid": "587", "productId": "7534", "size": ".87 oz pkt"},
{"thumb": "http://i4.peapod.com/c/KK/KKNHZ.gif", "price": "99", "unit_price": "$.36/ oz", "name": "Southeastern Mills Gravy Mix Country", "cnid": "587", "productId": "179358", "size": "2.75 oz pkt"},
{"thumb": "http://i4.peapod.com/c/KK/KKNHZ.gif", "price": "139", "unit_price": "$.50/ oz", "name": "Southeastern Mills Gravy Mix Turkey", "cnid": "587", "productId": "174865", "size": "2.75 oz pkt"},
{"thumb": "http://i4.peapod.com/c/KK/KKNHZ.gif", "price": "149", "unit_price": "$.12/ oz", "name": "Stop & Shop Gravy Homestyle Chicken", "cnid": "587", "productId": "58089", "size": "12 oz jar"},
{"thumb": "http://i4.peapod.com/c/KK/KKNHZ.gif", "price": "299", "unit_price": "$.33/ oz", "name": "Boar's Head Delicatessen Style Mustard with White Wine All Natural", "cnid": "570", "productId": "119497", "size": "9 oz sqz"},
{"thumb": "http://i4.peapod.com/c/KK/KKNHZ.gif", "price": "359", "unit_price": "$.34/ oz", "name": "Boar's Head Honey Mustard All Natural", "cnid": "570", "productId": "143378", "size": "10.5 oz sqz"},
{"thumb": "http://i4.peapod.com/c/KK/KKNHZ.gif", "price": "369", "unit_price": "$.20/ oz", "name": "Cains Bottoms Up!! Mayonnaise All Natural", "cnid": "570", "productId": "182185", "size": "18 oz sqz"},
{"thumb": "http://i4.peapod.com/c/KK/KKNHZ.gif", "price": "499", "unit_price": "$.17/ oz", "name": "Cains Mayonnaise All Natural", "cnid": "570", "productId": "34933", "size": "30 oz jar"},
{"thumb": "http://i4.peapod.com/c/KK/KKNHZ.gif", "price": "499", "unit_price": "$.17/ oz", "name": "Cains Mayonnaise Dressing Fat Free", "cnid": "570", "productId": "34934", "size": "30 oz jar"},
{"thumb": "http://i4.peapod.com/c/KK/KKNHZ.gif", "price": "499", "unit_price": "$.16/ oz", "name": "Cains Mayonnaise Light Reduced Calorie", "cnid": "570", "productId": "180054", "size": "32 oz jar"},
{"thumb": "http://i4.peapod.com/c/KK/KKNHZ.gif", "price": "300", "unit_price": "$.85/ oz", "name": "Colman's Original English Mustard", "cnid": "570", "productId": "163845", "size": "3.53 oz jar"},
{"thumb": "http://i4.peapod.com/c/KK/KKNHZ.gif", "price": "289", "unit_price": "$.14/ oz", "name": "French's Classic Yellow Mustard 100% Natural", "cnid": "570", "productId": "127334", "size": "20 oz sqz"},
{"thumb": "http://i4.peapod.com/c/KK/KKNHZ.gif", "price": "219", "unit_price": "$.16/ oz", "name": "French's Classic Yellow Mustard 100% Natural", "cnid": "570", "productId": "12469", "size": "14 oz sqz"},
{"thumb": "http://i4.peapod.com/c/KK/KKNHZ.gif", "price": "299", "unit_price": "$.25/ oz", "name": "French's Honey Mustard", "cnid": "570", "productId": "91172", "size": "12 oz sqz"},
{"thumb": "http://i4.peapod.com/c/KK/KKNHZ.gif", "price": "289", "unit_price": "$.16/ oz", "name": "French's Spicy Brown Mustard", "cnid": "570", "productId": "162658", "size": "18 oz btl"},
{"thumb": "http://i4.peapod.com/c/KK/KKNHZ.gif", "price": "219", "unit_price": "$.18/ oz", "name": "French's Spicy Brown Mustard", "cnid": "570", "productId": "49613", "size": "12 oz sqz"},
{"thumb": "http://i4.peapod.com/c/KK/KKNHZ.gif", "price": "339", "unit_price": "$.42/ oz", "name": "Grey Poupon Country Dijon Mustard", "cnid": "570", "productId": "7738", "size": "8 oz jar"},
{"thumb": "http://i4.peapod.com/c/KK/KKNHZ.gif", "price": "339", "unit_price": "$.34/ oz", "name": "Grey Poupon Deli Mustard with Horseradish", "cnid": "570", "productId": "67559", "size": "10 oz sqz"},
{"thumb": "http://i4.peapod.com/c/KK/KKNHZ.gif", "price": "339", "unit_price": "$.42/ oz", "name": "Grey Poupon Dijon Mustard Made with White Wine", "cnid": "570", "productId": "7737", "size": "8 oz jar"},
{"thumb": "http://i4.peapod.com/c/KK/KKNHZ.gif", "price": "549", "unit_price": "$.34/ oz", "name": "Grey Poupon Dijon Mustard Made with White Wine", "cnid": "570", "productId": "34017", "size": "16 oz jar"},
{"thumb": "http://i4.peapod.com/c/KK/KKNHZ.gif", "price": "339", "unit_price": "$.34/ oz", "name": "Grey Poupon Dijon Mustard Made with White Wine", "cnid": "570", "productId": "41980", "size": "10 oz sqz"},
{"thumb": "http://i4.peapod.com/c/KK/KKNHZ.gif", "price": "339", "unit_price": "$.14/ oz", "name": "Gulden's Spicy Brown Mustard", "cnid": "570", "productId": "118735", "size": "24 oz jar"},
{"thumb": "http://i4.peapod.com/c/KK/KKNHZ.gif", "price": "100", "unit_price": "$.08/ oz", "name": "Gulden's Spicy Brown Mustard", "cnid": "570", "productId": "12466", "size": "12 oz sqz"},
{"thumb": "http://i4.peapod.com/c/KK/KKNHZ.gif", "price": "349", "unit_price": "$.09/ oz", "name": "Heinz Tomato Ketchup", "cnid": "570", "productId": "112576", "size": "38 oz sqz"},
{"thumb": "http://i4.peapod.com/c/KK/KKNHZ.gif", "price": "239", "unit_price": "$.12/ oz", "name": "Heinz Tomato Ketchup", "cnid": "570", "productId": "129868", "size": "20 oz sqz"},
{"thumb": "http://i4.peapod.com/c/KK/KKNHZ.gif", "price": "489", "unit_price": "$.08/ oz", "name": "Heinz Tomato Ketchup", "cnid": "570", "productId": "575", "size": "64 oz sqz"},
{"thumb": "http://i4.peapod.com/c/KK/KKNHZ.gif", "price": "250", "unit_price": "$.08/ oz", "name": "Heinz Tomato Ketchup (Classic Heinz)", "cnid": "570", "productId": "129869", "size": "32 oz sqz"},
{"thumb": "http://i4.peapod.com/c/KK/KKNHZ.gif", "price": "339", "unit_price": "$.24/ oz", "name": "Heinz Tomato Ketchup No Salt Added Made with AlsoSalt", "cnid": "570", "productId": "155205", "size": "14 oz sqz"},
{"thumb": "http://i4.peapod.com/c/KK/KKNHZ.gif", "price": "319", "unit_price": "$.23/ oz", "name": "Heinz Tomato Ketchup Organic Certified", "cnid": "570", "productId": "148998", "size": "14 oz sqz"},
{"thumb": "http://i4.peapod.com/c/KK/KKNHZ.gif", "price": "499", "unit_price": "$.17/ oz", "name": "Hellmann's Canola Mayonnaise Cholesterol Free", "cnid": "570", "productId": "137082", "size": "30 oz jar"},
{"thumb": "http://i4.peapod.com/c/KK/KKNHZ.gif", "price": "259", "unit_price": "$.27/ oz", "name": "Hellmann's Dijonnaise Creamy Dijon Mustard", "cnid": "570", "productId": "43033", "size": "9.5 oz sqz"},
{"thumb": "http://i4.peapod.com/c/KK/KKNHZ.gif", "price": "449", "unit_price": "$.27/ oz", "name": "Hellmann's Easy Out! Mayonnaise Light", "cnid": "570", "productId": "137289", "size": "16.5 oz sqz"},
{"thumb": "http://i4.peapod.com/c/KK/KKNHZ.gif", "price": "569", "unit_price": "$.26/ oz", "name": "Hellmann's Easy Out! Mayonnaise Light", "cnid": "570", "productId": "148988", "size": "22 oz sqz"},
{"thumb": "http://i4.peapod.com/c/KK/KKNHZ.gif", "price": "449", "unit_price": "$.27/ oz", "name": "Hellmann's Easy Out! Real Mayonnaise", "cnid": "570", "productId": "117304", "size": "16.5 oz sqz"},
{"thumb": "http://i4.peapod.com/c/KK/KKNHZ.gif", "price": "569", "unit_price": "$.26/ oz", "name": "Hellmann's Easy Out! Real Mayonnaise", "cnid": "570", "productId": "148989", "size": "22 oz sqz"},
{"thumb": "http://i4.peapod.com/c/KK/KKNHZ.gif", "price": "499", "unit_price": "$.17/ oz", "name": "Hellmann's Mayonnaise Dressing with Extra Virgin Olive Oil", "cnid": "570", "productId": "152256", "size": "30 oz jar"},
{"thumb": "http://i4.peapod.com/c/KK/KKNHZ.gif", "price": "499", "unit_price": "$.17/ oz", "name": "Hellmann's Mayonnaise Light", "cnid": "570", "productId": "6744", "size": "30 oz jar"},
{"thumb": "http://i4.peapod.com/c/KK/KKNHZ.gif", "price": "779", "unit_price": "$.16/ oz", "name": "Hellmann's Real Mayonnaise", "cnid": "570", "productId": "6741", "size": "48 oz jar"},
{"thumb": "http://i4.peapod.com/c/KK/KKNHZ.gif", "price": "379", "unit_price": "$.25/ oz", "name": "Hellmann's Real Mayonnaise", "cnid": "570", "productId": "6740", "size": "15 oz jar"},
{"thumb": "http://i4.peapod.com/c/KK/KKNHZ.gif", "price": "499", "unit_price": "$.17/ oz", "name": "Hellmann's Real Mayonnaise", "cnid": "570", "productId": "6739", "size": "30 oz jar"},
{"thumb": "http://i4.peapod.com/c/KK/KKNHZ.gif", "price": "599", "unit_price": "$.75/ oz", "name": "Honeycup Uniquely Sharp Mustard", "cnid": "570", "productId": "19623", "size": "8 oz jar"},
{"thumb": "http://i4.peapod.com/c/KK/KKNHZ.gif", "price": "219", "unit_price": "$.09/ oz", "name": "Hunt's Tomato Ketchup", "cnid": "570", "productId": "2447", "size": "24 oz sqz"},
{"thumb": "http://i4.peapod.com/c/KK/KKNHZ.gif", "price": "239", "unit_price": "$.60/ oz", "name": "Inglehoffer Sweet Honey Mustard", "cnid": "570", "productId": "25666", "size": "4 oz jar"},
{"thumb": "http://i4.peapod.com/c/KK/KKNHZ.gif", "price": "569", "unit_price": "$.19/ oz", "name": "Kraft Miracle Whip Dressing Light", "cnid": "570", "productId": "1835", "size": "30 oz jar"},
{"thumb": "http://i4.peapod.com/c/KK/KKNHZ.gif", "price": "429", "unit_price": "$.29/ oz", "name": "Kraft Miracle Whip Dressing Light", "cnid": "570", "productId": "1834", "size": "15 oz jar"},
{"thumb": "http://i4.peapod.com/c/KK/KKNHZ.gif", "price": "569", "unit_price": "$.19/ oz", "name": "Kraft Miracle Whip Dressing Original", "cnid": "570", "productId": "1832", "size": "30 oz jar"},
{"thumb": "http://i4.peapod.com/c/KK/KKNHZ.gif", "price": "399", "unit_price": "$.33/ oz", "name": "Kraft Miracle Whip Dressing Original", "cnid": "570", "productId": "92854", "size": "12 oz sqz"},
{"thumb": "http://i4.peapod.com/c/KK/KKNHZ.gif", "price": "349", "unit_price": "$.29/ oz", "name": "Kraft Sandwich Shop Mayonnaise Reduced-Fat Chipotle", "cnid": "570", "productId": "158937", "size": "12 oz sqz"},
{"thumb": "http://i4.peapod.com/c/KK/KKNHZ.gif", "price": "350", "unit_price": "$.47/ oz", "name": "Maille Original Dijon Mustard", "cnid": "570", "productId": "19251", "size": "7.5 oz jar"},
{"thumb": "http://i4.peapod.com/c/KK/KKNHZ.gif", "price": "369", "unit_price": "$.26/ oz", "name": "Nasoya Nayonaise Original Soy-Based Sandwich Spread Egg Free", "cnid": "570", "productId": "134807", "size": "14 oz jar"},
{"thumb": "http://i4.peapod.com/c/KK/KKNHZ.gif", "price": "229", "unit_price": "$.14/ oz", "name": "Nathan's Famous Deli Style Mustard", "cnid": "570", "productId": "163632", "size": "16 oz jar"},
{"thumb": "http://i4.peapod.com/c/KK/KKNHZ.gif", "price": "249", "unit_price": "$.12/ oz", "name": "Nature's Promise Organics Ketchup", "cnid": "570", "productId": "147650", "size": "20 oz btl"},
{"thumb": "http://i4.peapod.com/c/KK/KKNHZ.gif", "price": "299", "unit_price": "$.43/ oz", "name": "Olde Cape Cod Sweet & Hot Honey Mustard", "cnid": "570", "productId": "36483", "size": "7 oz jar"},
{"thumb": "http://i4.peapod.com/c/KK/KKNHZ.gif", "price": "249", "unit_price": "$.16/ oz", "name": "Smart Balance Omega Plus Mayonnaise Dressing Light", "cnid": "570", "productId": "150404", "size": "16 oz jar"},
{"thumb": "http://i4.peapod.com/c/KK/KKNHZ.gif", "price": "639", "unit_price": "$.40/ oz", "name": "Spectrum Naturals Mayonnaise Organic", "cnid": "570", "productId": "154897", "size": "16 oz btl"},
{"thumb": "http://i4.peapod.com/c/KK/KKNHZ.gif", "price": "199", "unit_price": "$.17/ oz", "name": "Stop & Shop Dijon Mustard All Natural", "cnid": "570", "productId": "190749", "size": "12 oz sqz"},
{"thumb": "http://i4.peapod.com/c/KK/KKNHZ.gif", "price": "299", "unit_price": "$.17/ oz", "name": "Stop & Shop Real Mayonnaise", "cnid": "570", "productId": "162820", "size": "18 oz sqz"},
{"thumb": "http://i4.peapod.com/c/KK/KKNHZ.gif", "price": "299", "unit_price": "$.10/ oz", "name": "Stop & Shop Real Mayonnaise", "cnid": "570", "productId": "57325", "size": "30 oz jar"},
{"thumb": "http://i4.peapod.com/c/KK/KKNHZ.gif", "price": "329", "unit_price": "$.05/ oz", "name": "Stop & Shop Tomato Ketchup", "cnid": "570", "productId": "58126", "size": "64 oz btl"},
{"thumb": "http://i4.peapod.com/c/KK/KKNHZ.gif", "price": "199", "unit_price": "$.05/ oz", "name": "Stop & Shop Tomato Ketchup", "cnid": "570", "productId": "58125", "size": "36 oz sqz"},
{"thumb": "http://i4.peapod.com/c/KK/KKNHZ.gif", "price": "99", "unit_price": "$.12/ oz", "name": "Stop & Shop Yellow Mustard", "cnid": "570", "productId": "186896", "size": "8 oz sqz"},
{"thumb": "http://i4.peapod.com/c/KK/KKNHZ.gif", "price": "329", "unit_price": "$.41/ oz", "name": "Woodstock Farms Yellow Mustard Organic", "cnid": "570", "productId": "147519", "size": "8 oz sqz"},
{"thumb": "http://i4.peapod.com/c/KK/KKNHZ.gif", "price": "299", "unit_price": "$.33/ oz", "name": "Boar's Head Delicatessen Style Mustard with White Wine All Natural", "cnid": "54539532", "productId": "119497", "size": "9 oz sqz"},
{"thumb": "http://i4.peapod.com/c/KK/KKNHZ.gif", "price": "359", "unit_price": "$.34/ oz", "name": "Boar's Head Honey Mustard All Natural", "cnid": "54539532", "productId": "143378", "size": "10.5 oz sqz"},
{"thumb": "http://i4.peapod.com/c/KK/KKNHZ.gif", "price": "369", "unit_price": "$.20/ oz", "name": "Cains Bottoms Up!! Mayonnaise All Natural", "cnid": "54539532", "productId": "182185", "size": "18 oz sqz"},
{"thumb": "http://i4.peapod.com/c/KK/KKNHZ.gif", "price": "499", "unit_price": "$.17/ oz", "name": "Cains Mayonnaise All Natural", "cnid": "54539532", "productId": "34933", "size": "30 oz jar"},
{"thumb": "http://i4.peapod.com/c/KK/KKNHZ.gif", "price": "499", "unit_price": "$.17/ oz", "name": "Cains Mayonnaise Dressing Fat Free", "cnid": "54539532", "productId": "34934", "size": "30 oz jar"},
{"thumb": "http://i4.peapod.com/c/KK/KKNHZ.gif", "price": "499", "unit_price": "$.16/ oz", "name": "Cains Mayonnaise Light Reduced Calorie", "cnid": "54539532", "productId": "180054", "size": "32 oz jar"},
{"thumb": "http://i4.peapod.com/c/KK/KKNHZ.gif", "price": "300", "unit_price": "$.85/ oz", "name": "Colman's Original English Mustard", "cnid": "54539532", "productId": "163845", "size": "3.53 oz jar"},
{"thumb": "http://i4.peapod.com/c/KK/KKNHZ.gif", "price": "289", "unit_price": "$.14/ oz", "name": "French's Classic Yellow Mustard 100% Natural", "cnid": "54539532", "productId": "127334", "size": "20 oz sqz"},
{"thumb": "http://i4.peapod.com/c/KK/KKNHZ.gif", "price": "219", "unit_price": "$.16/ oz", "name": "French's Classic Yellow Mustard 100% Natural", "cnid": "54539532", "productId": "12469", "size": "14 oz sqz"},
{"thumb": "http://i4.peapod.com/c/KK/KKNHZ.gif", "price": "299", "unit_price": "$.25/ oz", "name": "French's Honey Mustard", "cnid": "54539532", "productId": "91172", "size": "12 oz sqz"},
{"thumb": "http://i4.peapod.com/c/KK/KKNHZ.gif", "price": "289", "unit_price": "$.16/ oz", "name": "French's Spicy Brown Mustard", "cnid": "54539532", "productId": "162658", "size": "18 oz btl"},
{"thumb": "http://i4.peapod.com/c/KK/KKNHZ.gif", "price": "219", "unit_price": "$.18/ oz", "name": "French's Spicy Brown Mustard", "cnid": "54539532", "productId": "49613", "size": "12 oz sqz"},
{"thumb": "http://i4.peapod.com/c/KK/KKNHZ.gif", "price": "339", "unit_price": "$.42/ oz", "name": "Grey Poupon Country Dijon Mustard", "cnid": "54539532", "productId": "7738", "size": "8 oz jar"},
{"thumb": "http://i4.peapod.com/c/KK/KKNHZ.gif", "price": "339", "unit_price": "$.34/ oz", "name": "Grey Poupon Deli Mustard with Horseradish", "cnid": "54539532", "productId": "67559", "size": "10 oz sqz"},
{"thumb": "http://i4.peapod.com/c/KK/KKNHZ.gif", "price": "339", "unit_price": "$.42/ oz", "name": "Grey Poupon Dijon Mustard Made with White Wine", "cnid": "54539532", "productId": "7737", "size": "8 oz jar"},
{"thumb": "http://i4.peapod.com/c/KK/KKNHZ.gif", "price": "549", "unit_price": "$.34/ oz", "name": "Grey Poupon Dijon Mustard Made with White Wine", "cnid": "54539532", "productId": "34017", "size": "16 oz jar"},
{"thumb": "http://i4.peapod.com/c/KK/KKNHZ.gif", "price": "339", "unit_price": "$.34/ oz", "name": "Grey Poupon Dijon Mustard Made with White Wine", "cnid": "54539532", "productId": "41980", "size": "10 oz sqz"},
{"thumb": "http://i4.peapod.com/c/KK/KKNHZ.gif", "price": "339", "unit_price": "$.14/ oz", "name": "Gulden's Spicy Brown Mustard", "cnid": "54539532", "productId": "118735", "size": "24 oz jar"},
{"thumb": "http://i4.peapod.com/c/KK/KKNHZ.gif", "price": "100", "unit_price": "$.08/ oz", "name": "Gulden's Spicy Brown Mustard", "cnid": "54539532", "productId": "12466", "size": "12 oz sqz"},
{"thumb": "http://i4.peapod.com/c/KK/KKNHZ.gif", "price": "349", "unit_price": "$.09/ oz", "name": "Heinz Tomato Ketchup", "cnid": "54539532", "productId": "112576", "size": "38 oz sqz"},
{"thumb": "http://i4.peapod.com/c/KK/KKNHZ.gif", "price": "239", "unit_price": "$.12/ oz", "name": "Heinz Tomato Ketchup", "cnid": "54539532", "productId": "129868", "size": "20 oz sqz"},
{"thumb": "http://i4.peapod.com/c/KK/KKNHZ.gif", "price": "489", "unit_price": "$.08/ oz", "name": "Heinz Tomato Ketchup", "cnid": "54539532", "productId": "575", "size": "64 oz sqz"},
{"thumb": "http://i4.peapod.com/c/KK/KKNHZ.gif", "price": "250", "unit_price": "$.08/ oz", "name": "Heinz Tomato Ketchup (Classic Heinz)", "cnid": "54539532", "productId": "129869", "size": "32 oz sqz"},
{"thumb": "http://i4.peapod.com/c/KK/KKNHZ.gif", "price": "339", "unit_price": "$.24/ oz", "name": "Heinz Tomato Ketchup No Salt Added Made with AlsoSalt", "cnid": "54539532", "productId": "155205", "size": "14 oz sqz"},
{"thumb": "http://i4.peapod.com/c/KK/KKNHZ.gif", "price": "319", "unit_price": "$.23/ oz", "name": "Heinz Tomato Ketchup Organic Certified", "cnid": "54539532", "productId": "148998", "size": "14 oz sqz"},
{"thumb": "http://i4.peapod.com/c/KK/KKNHZ.gif", "price": "499", "unit_price": "$.17/ oz", "name": "Hellmann's Canola Mayonnaise Cholesterol Free", "cnid": "54539532", "productId": "137082", "size": "30 oz jar"},
{"thumb": "http://i4.peapod.com/c/KK/KKNHZ.gif", "price": "259", "unit_price": "$.27/ oz", "name": "Hellmann's Dijonnaise Creamy Dijon Mustard", "cnid": "54539532", "productId": "43033", "size": "9.5 oz sqz"},
{"thumb": "http://i4.peapod.com/c/KK/KKNHZ.gif", "price": "449", "unit_price": "$.27/ oz", "name": "Hellmann's Easy Out! Mayonnaise Light", "cnid": "54539532", "productId": "137289", "size": "16.5 oz sqz"},
{"thumb": "http://i4.peapod.com/c/KK/KKNHZ.gif", "price": "569", "unit_price": "$.26/ oz", "name": "Hellmann's Easy Out! Mayonnaise Light", "cnid": "54539532", "productId": "148988", "size": "22 oz sqz"},
{"thumb": "http://i4.peapod.com/c/KK/KKNHZ.gif", "price": "449", "unit_price": "$.27/ oz", "name": "Hellmann's Easy Out! Real Mayonnaise", "cnid": "54539532", "productId": "117304", "size": "16.5 oz sqz"},
{"thumb": "http://i4.peapod.com/c/KK/KKNHZ.gif", "price": "569", "unit_price": "$.26/ oz", "name": "Hellmann's Easy Out! Real Mayonnaise", "cnid": "54539532", "productId": "148989", "size": "22 oz sqz"},
{"thumb": "http://i4.peapod.com/c/KK/KKNHZ.gif", "price": "499", "unit_price": "$.17/ oz", "name": "Hellmann's Mayonnaise Dressing with Extra Virgin Olive Oil", "cnid": "54539532", "productId": "152256", "size": "30 oz jar"},
{"thumb": "http://i4.peapod.com/c/KK/KKNHZ.gif", "price": "499", "unit_price": "$.17/ oz", "name": "Hellmann's Mayonnaise Light", "cnid": "54539532", "productId": "6744", "size": "30 oz jar"},
{"thumb": "http://i4.peapod.com/c/KK/KKNHZ.gif", "price": "779", "unit_price": "$.16/ oz", "name": "Hellmann's Real Mayonnaise", "cnid": "54539532", "productId": "6741", "size": "48 oz jar"},
{"thumb": "http://i4.peapod.com/c/KK/KKNHZ.gif", "price": "379", "unit_price": "$.25/ oz", "name": "Hellmann's Real Mayonnaise", "cnid": "54539532", "productId": "6740", "size": "15 oz jar"},
{"thumb": "http://i4.peapod.com/c/KK/KKNHZ.gif", "price": "499", "unit_price": "$.17/ oz", "name": "Hellmann's Real Mayonnaise", "cnid": "54539532", "productId": "6739", "size": "30 oz jar"},
{"thumb": "http://i4.peapod.com/c/KK/KKNHZ.gif", "price": "599", "unit_price": "$.75/ oz", "name": "Honeycup Uniquely Sharp Mustard", "cnid": "54539532", "productId": "19623", "size": "8 oz jar"},
{"thumb": "http://i4.peapod.com/c/KK/KKNHZ.gif", "price": "219", "unit_price": "$.09/ oz", "name": "Hunt's Tomato Ketchup", "cnid": "54539532", "productId": "2447", "size": "24 oz sqz"},
{"thumb": "http://i4.peapod.com/c/KK/KKNHZ.gif", "price": "239", "unit_price": "$.60/ oz", "name": "Inglehoffer Sweet Honey Mustard", "cnid": "54539532", "productId": "25666", "size": "4 oz jar"},
{"thumb": "http://i4.peapod.com/c/KK/KKNHZ.gif", "price": "569", "unit_price": "$.19/ oz", "name": "Kraft Miracle Whip Dressing Light", "cnid": "54539532", "productId": "1835", "size": "30 oz jar"},
{"thumb": "http://i4.peapod.com/c/KK/KKNHZ.gif", "price": "429", "unit_price": "$.29/ oz", "name": "Kraft Miracle Whip Dressing Light", "cnid": "54539532", "productId": "1834", "size": "15 oz jar"},
{"thumb": "http://i4.peapod.com/c/KK/KKNHZ.gif", "price": "569", "unit_price": "$.19/ oz", "name": "Kraft Miracle Whip Dressing Original", "cnid": "54539532", "productId": "1832", "size": "30 oz jar"},
{"thumb": "http://i4.peapod.com/c/KK/KKNHZ.gif", "price": "399", "unit_price": "$.33/ oz", "name": "Kraft Miracle Whip Dressing Original", "cnid": "54539532", "productId": "92854", "size": "12 oz sqz"},
{"thumb": "http://i4.peapod.com/c/KK/KKNHZ.gif", "price": "349", "unit_price": "$.29/ oz", "name": "Kraft Sandwich Shop Mayonnaise Reduced-Fat Chipotle", "cnid": "54539532", "productId": "158937", "size": "12 oz sqz"},
{"thumb": "http://i4.peapod.com/c/KK/KKNHZ.gif", "price": "350", "unit_price": "$.47/ oz", "name": "Maille Original Dijon Mustard", "cnid": "54539532", "productId": "19251", "size": "7.5 oz jar"},
{"thumb": "http://i4.peapod.com/c/KK/KKNHZ.gif", "price": "369", "unit_price": "$.26/ oz", "name": "Nasoya Nayonaise Original Soy-Based Sandwich Spread Egg Free", "cnid": "54539532", "productId": "134807", "size": "14 oz jar"},
{"thumb": "http://i4.peapod.com/c/KK/KKNHZ.gif", "price": "229", "unit_price": "$.14/ oz", "name": "Nathan's Famous Deli Style Mustard", "cnid": "54539532", "productId": "163632", "size": "16 oz jar"},
{"thumb": "http://i4.peapod.com/c/KK/KKNHZ.gif", "price": "249", "unit_price": "$.12/ oz", "name": "Nature's Promise Organics Ketchup", "cnid": "54539532", "productId": "147650", "size": "20 oz btl"},
{"thumb": "http://i4.peapod.com/c/KK/KKNHZ.gif", "price": "299", "unit_price": "$.43/ oz", "name": "Olde Cape Cod Sweet & Hot Honey Mustard", "cnid": "54539532", "productId": "36483", "size": "7 oz jar"},
{"thumb": "http://i4.peapod.com/c/KK/KKNHZ.gif", "price": "249", "unit_price": "$.16/ oz", "name": "Smart Balance Omega Plus Mayonnaise Dressing Light", "cnid": "54539532", "productId": "150404", "size": "16 oz jar"},
{"thumb": "http://i4.peapod.com/c/KK/KKNHZ.gif", "price": "639", "unit_price": "$.40/ oz", "name": "Spectrum Naturals Mayonnaise Organic", "cnid": "54539532", "productId": "154897", "size": "16 oz btl"},
{"thumb": "http://i4.peapod.com/c/KK/KKNHZ.gif", "price": "199", "unit_price": "$.17/ oz", "name": "Stop & Shop Dijon Mustard All Natural", "cnid": "54539532", "productId": "190749", "size": "12 oz sqz"},
{"thumb": "http://i4.peapod.com/c/KK/KKNHZ.gif", "price": "299", "unit_price": "$.17/ oz", "name": "Stop & Shop Real Mayonnaise", "cnid": "54539532", "productId": "162820", "size": "18 oz sqz"},
{"thumb": "http://i4.peapod.com/c/KK/KKNHZ.gif", "price": "299", "unit_price": "$.10/ oz", "name": "Stop & Shop Real Mayonnaise", "cnid": "54539532", "productId": "57325", "size": "30 oz jar"},
{"thumb": "http://i4.peapod.com/c/KK/KKNHZ.gif", "price": "329", "unit_price": "$.05/ oz", "name": "Stop & Shop Tomato Ketchup", "cnid": "54539532", "productId": "58126", "size": "64 oz btl"},
{"thumb": "http://i4.peapod.com/c/KK/KKNHZ.gif", "price": "199", "unit_price": "$.05/ oz", "name": "Stop & Shop Tomato Ketchup", "cnid": "54539532", "productId": "58125", "size": "36 oz sqz"},
{"thumb": "http://i4.peapod.com/c/KK/KKNHZ.gif", "price": "99", "unit_price": "$.12/ oz", "name": "Stop & Shop Yellow Mustard", "cnid": "54539532", "productId": "186896", "size": "8 oz sqz"},
{"thumb": "http://i4.peapod.com/c/KK/KKNHZ.gif", "price": "329", "unit_price": "$.41/ oz", "name": "Woodstock Farms Yellow Mustard Organic", "cnid": "54539532", "productId": "147519", "size": "8 oz sqz"},
{"thumb": "http://i4.peapod.com/c/KK/KKNHZ.gif", "price": "299", "unit_price": "$.33/ oz", "name": "Boar's Head Delicatessen Style Mustard with White Wine All Natural", "cnid": "49539506", "productId": "119497", "size": "9 oz sqz"},
{"thumb": "http://i4.peapod.com/c/KK/KKNHZ.gif", "price": "359", "unit_price": "$.34/ oz", "name": "Boar's Head Honey Mustard All Natural", "cnid": "49539506", "productId": "143378", "size": "10.5 oz sqz"},
{"thumb": "http://i4.peapod.com/c/KK/KKNHZ.gif", "price": "369", "unit_price": "$.20/ oz", "name": "Cains Bottoms Up!! Mayonnaise All Natural", "cnid": "49539506", "productId": "182185", "size": "18 oz sqz"},
{"thumb": "http://i4.peapod.com/c/KK/KKNHZ.gif", "price": "499", "unit_price": "$.17/ oz", "name": "Cains Mayonnaise All Natural", "cnid": "49539506", "productId": "34933", "size": "30 oz jar"},
{"thumb": "http://i4.peapod.com/c/KK/KKNHZ.gif", "price": "499", "unit_price": "$.17/ oz", "name": "Cains Mayonnaise Dressing Fat Free", "cnid": "49539506", "productId": "34934", "size": "30 oz jar"},
{"thumb": "http://i4.peapod.com/c/KK/KKNHZ.gif", "price": "499", "unit_price": "$.16/ oz", "name": "Cains Mayonnaise Light Reduced Calorie", "cnid": "49539506", "productId": "180054", "size": "32 oz jar"},
{"thumb": "http://i4.peapod.com/c/KK/KKNHZ.gif", "price": "300", "unit_price": "$.85/ oz", "name": "Colman's Original English Mustard", "cnid": "49539506", "productId": "163845", "size": "3.53 oz jar"},
{"thumb": "http://i4.peapod.com/c/KK/KKNHZ.gif", "price": "289", "unit_price": "$.14/ oz", "name": "French's Classic Yellow Mustard 100% Natural", "cnid": "49539506", "productId": "127334", "size": "20 oz sqz"},
{"thumb": "http://i4.peapod.com/c/KK/KKNHZ.gif", "price": "219", "unit_price": "$.16/ oz", "name": "French's Classic Yellow Mustard 100% Natural", "cnid": "49539506", "productId": "12469", "size": "14 oz sqz"},
{"thumb": "http://i4.peapod.com/c/KK/KKNHZ.gif", "price": "299", "unit_price": "$.25/ oz", "name": "French's Honey Mustard", "cnid": "49539506", "productId": "91172", "size": "12 oz sqz"},
{"thumb": "http://i4.peapod.com/c/KK/KKNHZ.gif", "price": "289", "unit_price": "$.16/ oz", "name": "French's Spicy Brown Mustard", "cnid": "49539506", "productId": "162658", "size": "18 oz btl"},
{"thumb": "http://i4.peapod.com/c/KK/KKNHZ.gif", "price": "219", "unit_price": "$.18/ oz", "name": "French's Spicy Brown Mustard", "cnid": "49539506", "productId": "49613", "size": "12 oz sqz"},
{"thumb": "http://i4.peapod.com/c/KK/KKNHZ.gif", "price": "339", "unit_price": "$.42/ oz", "name": "Grey Poupon Country Dijon Mustard", "cnid": "49539506", "productId": "7738", "size": "8 oz jar"},
{"thumb": "http://i4.peapod.com/c/KK/KKNHZ.gif", "price": "339", "unit_price": "$.34/ oz", "name": "Grey Poupon Deli Mustard with Horseradish", "cnid": "49539506", "productId": "67559", "size": "10 oz sqz"},
{"thumb": "http://i4.peapod.com/c/KK/KKNHZ.gif", "price": "339", "unit_price": "$.42/ oz", "name": "Grey Poupon Dijon Mustard Made with White Wine", "cnid": "49539506", "productId": "7737", "size": "8 oz jar"},
{"thumb": "http://i4.peapod.com/c/KK/KKNHZ.gif", "price": "549", "unit_price": "$.34/ oz", "name": "Grey Poupon Dijon Mustard Made with White Wine", "cnid": "49539506", "productId": "34017", "size": "16 oz jar"},
{"thumb": "http://i4.peapod.com/c/KK/KKNHZ.gif", "price": "339", "unit_price": "$.34/ oz", "name": "Grey Poupon Dijon Mustard Made with White Wine", "cnid": "49539506", "productId": "41980", "size": "10 oz sqz"},
{"thumb": "http://i4.peapod.com/c/KK/KKNHZ.gif", "price": "339", "unit_price": "$.14/ oz", "name": "Gulden's Spicy Brown Mustard", "cnid": "49539506", "productId": "118735", "size": "24 oz jar"},
{"thumb": "http://i4.peapod.com/c/KK/KKNHZ.gif", "price": "100", "unit_price": "$.08/ oz", "name": "Gulden's Spicy Brown Mustard", "cnid": "49539506", "productId": "12466", "size": "12 oz sqz"},
{"thumb": "http://i4.peapod.com/c/KK/KKNHZ.gif", "price": "349", "unit_price": "$.09/ oz", "name": "Heinz Tomato Ketchup", "cnid": "49539506", "productId": "112576", "size": "38 oz sqz"},
{"thumb": "http://i4.peapod.com/c/KK/KKNHZ.gif", "price": "239", "unit_price": "$.12/ oz", "name": "Heinz Tomato Ketchup", "cnid": "49539506", "productId": "129868", "size": "20 oz sqz"},
{"thumb": "http://i4.peapod.com/c/KK/KKNHZ.gif", "price": "489", "unit_price": "$.08/ oz", "name": "Heinz Tomato Ketchup", "cnid": "49539506", "productId": "575", "size": "64 oz sqz"},
{"thumb": "http://i4.peapod.com/c/KK/KKNHZ.gif", "price": "250", "unit_price": "$.08/ oz", "name": "Heinz Tomato Ketchup (Classic Heinz)", "cnid": "49539506", "productId": "129869", "size": "32 oz sqz"},
{"thumb": "http://i4.peapod.com/c/KK/KKNHZ.gif", "price": "339", "unit_price": "$.24/ oz", "name": "Heinz Tomato Ketchup No Salt Added Made with AlsoSalt", "cnid": "49539506", "productId": "155205", "size": "14 oz sqz"},
{"thumb": "http://i4.peapod.com/c/KK/KKNHZ.gif", "price": "319", "unit_price": "$.23/ oz", "name": "Heinz Tomato Ketchup Organic Certified", "cnid": "49539506", "productId": "148998", "size": "14 oz sqz"},
{"thumb": "http://i4.peapod.com/c/KK/KKNHZ.gif", "price": "499", "unit_price": "$.17/ oz", "name": "Hellmann's Canola Mayonnaise Cholesterol Free", "cnid": "49539506", "productId": "137082", "size": "30 oz jar"},
{"thumb": "http://i4.peapod.com/c/KK/KKNHZ.gif", "price": "259", "unit_price": "$.27/ oz", "name": "Hellmann's Dijonnaise Creamy Dijon Mustard", "cnid": "49539506", "productId": "43033", "size": "9.5 oz sqz"},
{"thumb": "http://i4.peapod.com/c/KK/KKNHZ.gif", "price": "449", "unit_price": "$.27/ oz", "name": "Hellmann's Easy Out! Mayonnaise Light", "cnid": "49539506", "productId": "137289", "size": "16.5 oz sqz"},
{"thumb": "http://i4.peapod.com/c/KK/KKNHZ.gif", "price": "569", "unit_price": "$.26/ oz", "name": "Hellmann's Easy Out! Mayonnaise Light", "cnid": "49539506", "productId": "148988", "size": "22 oz sqz"},
{"thumb": "http://i4.peapod.com/c/KK/KKNHZ.gif", "price": "449", "unit_price": "$.27/ oz", "name": "Hellmann's Easy Out! Real Mayonnaise", "cnid": "49539506", "productId": "117304", "size": "16.5 oz sqz"},
{"thumb": "http://i4.peapod.com/c/KK/KKNHZ.gif", "price": "569", "unit_price": "$.26/ oz", "name": "Hellmann's Easy Out! Real Mayonnaise", "cnid": "49539506", "productId": "148989", "size": "22 oz sqz"},
{"thumb": "http://i4.peapod.com/c/KK/KKNHZ.gif", "price": "499", "unit_price": "$.17/ oz", "name": "Hellmann's Mayonnaise Dressing with Extra Virgin Olive Oil", "cnid": "49539506", "productId": "152256", "size": "30 oz jar"},
{"thumb": "http://i4.peapod.com/c/KK/KKNHZ.gif", "price": "499", "unit_price": "$.17/ oz", "name": "Hellmann's Mayonnaise Light", "cnid": "49539506", "productId": "6744", "size": "30 oz jar"},
{"thumb": "http://i4.peapod.com/c/KK/KKNHZ.gif", "price": "779", "unit_price": "$.16/ oz", "name": "Hellmann's Real Mayonnaise", "cnid": "49539506", "productId": "6741", "size": "48 oz jar"},
{"thumb": "http://i4.peapod.com/c/KK/KKNHZ.gif", "price": "379", "unit_price": "$.25/ oz", "name": "Hellmann's Real Mayonnaise", "cnid": "49539506", "productId": "6740", "size": "15 oz jar"},
{"thumb": "http://i4.peapod.com/c/KK/KKNHZ.gif", "price": "499", "unit_price": "$.17/ oz", "name": "Hellmann's Real Mayonnaise", "cnid": "49539506", "productId": "6739", "size": "30 oz jar"},
{"thumb": "http://i4.peapod.com/c/KK/KKNHZ.gif", "price": "599", "unit_price": "$.75/ oz", "name": "Honeycup Uniquely Sharp Mustard", "cnid": "49539506", "productId": "19623", "size": "8 oz jar"},
{"thumb": "http://i4.peapod.com/c/KK/KKNHZ.gif", "price": "219", "unit_price": "$.09/ oz", "name": "Hunt's Tomato Ketchup", "cnid": "49539506", "productId": "2447", "size": "24 oz sqz"},
{"thumb": "http://i4.peapod.com/c/KK/KKNHZ.gif", "price": "239", "unit_price": "$.60/ oz", "name": "Inglehoffer Sweet Honey Mustard", "cnid": "49539506", "productId": "25666", "size": "4 oz jar"},
{"thumb": "http://i4.peapod.com/c/KK/KKNHZ.gif", "price": "569", "unit_price": "$.19/ oz", "name": "Kraft Miracle Whip Dressing Light", "cnid": "49539506", "productId": "1835", "size": "30 oz jar"},
{"thumb": "http://i4.peapod.com/c/KK/KKNHZ.gif", "price": "429", "unit_price": "$.29/ oz", "name": "Kraft Miracle Whip Dressing Light", "cnid": "49539506", "productId": "1834", "size": "15 oz jar"},
{"thumb": "http://i4.peapod.com/c/KK/KKNHZ.gif", "price": "569", "unit_price": "$.19/ oz", "name": "Kraft Miracle Whip Dressing Original", "cnid": "49539506", "productId": "1832", "size": "30 oz jar"},
{"thumb": "http://i4.peapod.com/c/KK/KKNHZ.gif", "price": "399", "unit_price": "$.33/ oz", "name": "Kraft Miracle Whip Dressing Original", "cnid": "49539506", "productId": "92854", "size": "12 oz sqz"},
{"thumb": "http://i4.peapod.com/c/KK/KKNHZ.gif", "price": "349", "unit_price": "$.29/ oz", "name": "Kraft Sandwich Shop Mayonnaise Reduced-Fat Chipotle", "cnid": "49539506", "productId": "158937", "size": "12 oz sqz"},
{"thumb": "http://i4.peapod.com/c/KK/KKNHZ.gif", "price": "350", "unit_price": "$.47/ oz", "name": "Maille Original Dijon Mustard", "cnid": "49539506", "productId": "19251", "size": "7.5 oz jar"},
{"thumb": "http://i4.peapod.com/c/KK/KKNHZ.gif", "price": "369", "unit_price": "$.26/ oz", "name": "Nasoya Nayonaise Original Soy-Based Sandwich Spread Egg Free", "cnid": "49539506", "productId": "134807", "size": "14 oz jar"},
{"thumb": "http://i4.peapod.com/c/KK/KKNHZ.gif", "price": "229", "unit_price": "$.14/ oz", "name": "Nathan's Famous Deli Style Mustard", "cnid": "49539506", "productId": "163632", "size": "16 oz jar"},
{"thumb": "http://i4.peapod.com/c/KK/KKNHZ.gif", "price": "249", "unit_price": "$.12/ oz", "name": "Nature's Promise Organics Ketchup", "cnid": "49539506", "productId": "147650", "size": "20 oz btl"},
{"thumb": "http://i4.peapod.com/c/KK/KKNHZ.gif", "price": "299", "unit_price": "$.43/ oz", "name": "Olde Cape Cod Sweet & Hot Honey Mustard", "cnid": "49539506", "productId": "36483", "size": "7 oz jar"},
{"thumb": "http://i4.peapod.com/c/KK/KKNHZ.gif", "price": "249", "unit_price": "$.16/ oz", "name": "Smart Balance Omega Plus Mayonnaise Dressing Light", "cnid": "49539506", "productId": "150404", "size": "16 oz jar"},
{"thumb": "http://i4.peapod.com/c/KK/KKNHZ.gif", "price": "639", "unit_price": "$.40/ oz", "name": "Spectrum Naturals Mayonnaise Organic", "cnid": "49539506", "productId": "154897", "size": "16 oz btl"},
{"thumb": "http://i4.peapod.com/c/KK/KKNHZ.gif", "price": "199", "unit_price": "$.17/ oz", "name": "Stop & Shop Dijon Mustard All Natural", "cnid": "49539506", "productId": "190749", "size": "12 oz sqz"},
{"thumb": "http://i4.peapod.com/c/KK/KKNHZ.gif", "price": "299", "unit_price": "$.17/ oz", "name": "Stop & Shop Real Mayonnaise", "cnid": "49539506", "productId": "162820", "size": "18 oz sqz"},
{"thumb": "http://i4.peapod.com/c/KK/KKNHZ.gif", "price": "299", "unit_price": "$.10/ oz", "name": "Stop & Shop Real Mayonnaise", "cnid": "49539506", "productId": "57325", "size": "30 oz jar"},
{"thumb": "http://i4.peapod.com/c/KK/KKNHZ.gif", "price": "329", "unit_price": "$.05/ oz", "name": "Stop & Shop Tomato Ketchup", "cnid": "49539506", "productId": "58126", "size": "64 oz btl"},
{"thumb": "http://i4.peapod.com/c/KK/KKNHZ.gif", "price": "199", "unit_price": "$.05/ oz", "name": "Stop & Shop Tomato Ketchup", "cnid": "49539506", "productId": "58125", "size": "36 oz sqz"},
{"thumb": "http://i4.peapod.com/c/KK/KKNHZ.gif", "price": "99", "unit_price": "$.12/ oz", "name": "Stop & Shop Yellow Mustard", "cnid": "49539506", "productId": "186896", "size": "8 oz sqz"},
{"thumb": "http://i4.peapod.com/c/KK/KKNHZ.gif", "price": "329", "unit_price": "$.41/ oz", "name": "Woodstock Farms Yellow Mustard Organic", "cnid": "49539506", "productId": "147519", "size": "8 oz sqz"},
{"thumb": "http://i4.peapod.com/c/KK/KKNHZ.gif", "price": "299", "unit_price": "$.33/ oz", "name": "Boar's Head Delicatessen Style Mustard with White Wine All Natural", "cnid": "995202054404", "productId": "119497", "size": "9 oz sqz"},
{"thumb": "http://i4.peapod.com/c/KK/KKNHZ.gif", "price": "359", "unit_price": "$.34/ oz", "name": "Boar's Head Honey Mustard All Natural", "cnid": "995202054404", "productId": "143378", "size": "10.5 oz sqz"},
{"thumb": "http://i4.peapod.com/c/KK/KKNHZ.gif", "price": "369", "unit_price": "$.20/ oz", "name": "Cains Bottoms Up!! Mayonnaise All Natural", "cnid": "995202054404", "productId": "182185", "size": "18 oz sqz"},
{"thumb": "http://i4.peapod.com/c/KK/KKNHZ.gif", "price": "499", "unit_price": "$.17/ oz", "name": "Cains Mayonnaise All Natural", "cnid": "995202054404", "productId": "34933", "size": "30 oz jar"},
{"thumb": "http://i4.peapod.com/c/KK/KKNHZ.gif", "price": "499", "unit_price": "$.17/ oz", "name": "Cains Mayonnaise Dressing Fat Free", "cnid": "995202054404", "productId": "34934", "size": "30 oz jar"},
{"thumb": "http://i4.peapod.com/c/KK/KKNHZ.gif", "price": "499", "unit_price": "$.16/ oz", "name": "Cains Mayonnaise Light Reduced Calorie", "cnid": "995202054404", "productId": "180054", "size": "32 oz jar"},
{"thumb": "http://i4.peapod.com/c/KK/KKNHZ.gif", "price": "300", "unit_price": "$.85/ oz", "name": "Colman's Original English Mustard", "cnid": "995202054404", "productId": "163845", "size": "3.53 oz jar"},
{"thumb": "http://i4.peapod.com/c/KK/KKNHZ.gif", "price": "289", "unit_price": "$.14/ oz", "name": "French's Classic Yellow Mustard 100% Natural", "cnid": "995202054404", "productId": "127334", "size": "20 oz sqz"},
{"thumb": "http://i4.peapod.com/c/KK/KKNHZ.gif", "price": "219", "unit_price": "$.16/ oz", "name": "French's Classic Yellow Mustard 100% Natural", "cnid": "995202054404", "productId": "12469", "size": "14 oz sqz"},
{"thumb": "http://i4.peapod.com/c/KK/KKNHZ.gif", "price": "299", "unit_price": "$.25/ oz", "name": "French's Honey Mustard", "cnid": "995202054404", "productId": "91172", "size": "12 oz sqz"},
{"thumb": "http://i4.peapod.com/c/KK/KKNHZ.gif", "price": "289", "unit_price": "$.16/ oz", "name": "French's Spicy Brown Mustard", "cnid": "995202054404", "productId": "162658", "size": "18 oz btl"},
{"thumb": "http://i4.peapod.com/c/KK/KKNHZ.gif", "price": "219", "unit_price": "$.18/ oz", "name": "French's Spicy Brown Mustard", "cnid": "995202054404", "productId": "49613", "size": "12 oz sqz"},
{"thumb": "http://i4.peapod.com/c/KK/KKNHZ.gif", "price": "339", "unit_price": "$.42/ oz", "name": "Grey Poupon Country Dijon Mustard", "cnid": "995202054404", "productId": "7738", "size": "8 oz jar"},
{"thumb": "http://i4.peapod.com/c/KK/KKNHZ.gif", "price": "339", "unit_price": "$.34/ oz", "name": "Grey Poupon Deli Mustard with Horseradish", "cnid": "995202054404", "productId": "67559", "size": "10 oz sqz"},
{"thumb": "http://i4.peapod.com/c/KK/KKNHZ.gif", "price": "339", "unit_price": "$.42/ oz", "name": "Grey Poupon Dijon Mustard Made with White Wine", "cnid": "995202054404", "productId": "7737", "size": "8 oz jar"},
{"thumb": "http://i4.peapod.com/c/KK/KKNHZ.gif", "price": "549", "unit_price": "$.34/ oz", "name": "Grey Poupon Dijon Mustard Made with White Wine", "cnid": "995202054404", "productId": "34017", "size": "16 oz jar"},
{"thumb": "http://i4.peapod.com/c/KK/KKNHZ.gif", "price": "339", "unit_price": "$.34/ oz", "name": "Grey Poupon Dijon Mustard Made with White Wine", "cnid": "995202054404", "productId": "41980", "size": "10 oz sqz"},
{"thumb": "http://i4.peapod.com/c/KK/KKNHZ.gif", "price": "339", "unit_price": "$.14/ oz", "name": "Gulden's Spicy Brown Mustard", "cnid": "995202054404", "productId": "118735", "size": "24 oz jar"},
{"thumb": "http://i4.peapod.com/c/KK/KKNHZ.gif", "price": "100", "unit_price": "$.08/ oz", "name": "Gulden's Spicy Brown Mustard", "cnid": "995202054404", "productId": "12466", "size": "12 oz sqz"},
{"thumb": "http://i4.peapod.com/c/KK/KKNHZ.gif", "price": "349", "unit_price": "$.09/ oz", "name": "Heinz Tomato Ketchup", "cnid": "995202054404", "productId": "112576", "size": "38 oz sqz"},
{"thumb": "http://i4.peapod.com/c/KK/KKNHZ.gif", "price": "239", "unit_price": "$.12/ oz", "name": "Heinz Tomato Ketchup", "cnid": "995202054404", "productId": "129868", "size": "20 oz sqz"},
{"thumb": "http://i4.peapod.com/c/KK/KKNHZ.gif", "price": "489", "unit_price": "$.08/ oz", "name": "Heinz Tomato Ketchup", "cnid": "995202054404", "productId": "575", "size": "64 oz sqz"},
{"thumb": "http://i4.peapod.com/c/KK/KKNHZ.gif", "price": "250", "unit_price": "$.08/ oz", "name": "Heinz Tomato Ketchup (Classic Heinz)", "cnid": "995202054404", "productId": "129869", "size": "32 oz sqz"},
{"thumb": "http://i4.peapod.com/c/KK/KKNHZ.gif", "price": "339", "unit_price": "$.24/ oz", "name": "Heinz Tomato Ketchup No Salt Added Made with AlsoSalt", "cnid": "995202054404", "productId": "155205", "size": "14 oz sqz"},
{"thumb": "http://i4.peapod.com/c/KK/KKNHZ.gif", "price": "319", "unit_price": "$.23/ oz", "name": "Heinz Tomato Ketchup Organic Certified", "cnid": "995202054404", "productId": "148998", "size": "14 oz sqz"},
{"thumb": "http://i4.peapod.com/c/KK/KKNHZ.gif", "price": "499", "unit_price": "$.17/ oz", "name": "Hellmann's Canola Mayonnaise Cholesterol Free", "cnid": "995202054404", "productId": "137082", "size": "30 oz jar"},
{"thumb": "http://i4.peapod.com/c/KK/KKNHZ.gif", "price": "259", "unit_price": "$.27/ oz", "name": "Hellmann's Dijonnaise Creamy Dijon Mustard", "cnid": "995202054404", "productId": "43033", "size": "9.5 oz sqz"},
{"thumb": "http://i4.peapod.com/c/KK/KKNHZ.gif", "price": "449", "unit_price": "$.27/ oz", "name": "Hellmann's Easy Out! Mayonnaise Light", "cnid": "995202054404", "productId": "137289", "size": "16.5 oz sqz"},
{"thumb": "http://i4.peapod.com/c/KK/KKNHZ.gif", "price": "569", "unit_price": "$.26/ oz", "name": "Hellmann's Easy Out! Mayonnaise Light", "cnid": "995202054404", "productId": "148988", "size": "22 oz sqz"},
{"thumb": "http://i4.peapod.com/c/KK/KKNHZ.gif", "price": "449", "unit_price": "$.27/ oz", "name": "Hellmann's Easy Out! Real Mayonnaise", "cnid": "995202054404", "productId": "117304", "size": "16.5 oz sqz"},
{"thumb": "http://i4.peapod.com/c/KK/KKNHZ.gif", "price": "569", "unit_price": "$.26/ oz", "name": "Hellmann's Easy Out! Real Mayonnaise", "cnid": "995202054404", "productId": "148989", "size": "22 oz sqz"},
{"thumb": "http://i4.peapod.com/c/KK/KKNHZ.gif", "price": "499", "unit_price": "$.17/ oz", "name": "Hellmann's Mayonnaise Dressing with Extra Virgin Olive Oil", "cnid": "995202054404", "productId": "152256", "size": "30 oz jar"},
{"thumb": "http://i4.peapod.com/c/KK/KKNHZ.gif", "price": "499", "unit_price": "$.17/ oz", "name": "Hellmann's Mayonnaise Light", "cnid": "995202054404", "productId": "6744", "size": "30 oz jar"},
{"thumb": "http://i4.peapod.com/c/KK/KKNHZ.gif", "price": "779", "unit_price": "$.16/ oz", "name": "Hellmann's Real Mayonnaise", "cnid": "995202054404", "productId": "6741", "size": "48 oz jar"},
{"thumb": "http://i4.peapod.com/c/KK/KKNHZ.gif", "price": "379", "unit_price": "$.25/ oz", "name": "Hellmann's Real Mayonnaise", "cnid": "995202054404", "productId": "6740", "size": "15 oz jar"},
{"thumb": "http://i4.peapod.com/c/KK/KKNHZ.gif", "price": "499", "unit_price": "$.17/ oz", "name": "Hellmann's Real Mayonnaise", "cnid": "995202054404", "productId": "6739", "size": "30 oz jar"},
{"thumb": "http://i4.peapod.com/c/KK/KKNHZ.gif", "price": "599", "unit_price": "$.75/ oz", "name": "Honeycup Uniquely Sharp Mustard", "cnid": "995202054404", "productId": "19623", "size": "8 oz jar"},
{"thumb": "http://i4.peapod.com/c/KK/KKNHZ.gif", "price": "219", "unit_price": "$.09/ oz", "name": "Hunt's Tomato Ketchup", "cnid": "995202054404", "productId": "2447", "size": "24 oz sqz"},
{"thumb": "http://i4.peapod.com/c/KK/KKNHZ.gif", "price": "239", "unit_price": "$.60/ oz", "name": "Inglehoffer Sweet Honey Mustard", "cnid": "995202054404", "productId": "25666", "size": "4 oz jar"},
{"thumb": "http://i4.peapod.com/c/KK/KKNHZ.gif", "price": "569", "unit_price": "$.19/ oz", "name": "Kraft Miracle Whip Dressing Light", "cnid": "995202054404", "productId": "1835", "size": "30 oz jar"},
{"thumb": "http://i4.peapod.com/c/KK/KKNHZ.gif", "price": "429", "unit_price": "$.29/ oz", "name": "Kraft Miracle Whip Dressing Light", "cnid": "995202054404", "productId": "1834", "size": "15 oz jar"},
{"thumb": "http://i4.peapod.com/c/KK/KKNHZ.gif", "price": "569", "unit_price": "$.19/ oz", "name": "Kraft Miracle Whip Dressing Original", "cnid": "995202054404", "productId": "1832", "size": "30 oz jar"},
{"thumb": "http://i4.peapod.com/c/KK/KKNHZ.gif", "price": "399", "unit_price": "$.33/ oz", "name": "Kraft Miracle Whip Dressing Original", "cnid": "995202054404", "productId": "92854", "size": "12 oz sqz"},
{"thumb": "http://i4.peapod.com/c/KK/KKNHZ.gif", "price": "349", "unit_price": "$.29/ oz", "name": "Kraft Sandwich Shop Mayonnaise Reduced-Fat Chipotle", "cnid": "995202054404", "productId": "158937", "size": "12 oz sqz"},
{"thumb": "http://i4.peapod.com/c/KK/KKNHZ.gif", "price": "350", "unit_price": "$.47/ oz", "name": "Maille Original Dijon Mustard", "cnid": "995202054404", "productId": "19251", "size": "7.5 oz jar"},
{"thumb": "http://i4.peapod.com/c/KK/KKNHZ.gif", "price": "369", "unit_price": "$.26/ oz", "name": "Nasoya Nayonaise Original Soy-Based Sandwich Spread Egg Free", "cnid": "995202054404", "productId": "134807", "size": "14 oz jar"},
{"thumb": "http://i4.peapod.com/c/KK/KKNHZ.gif", "price": "229", "unit_price": "$.14/ oz", "name": "Nathan's Famous Deli Style Mustard", "cnid": "995202054404", "productId": "163632", "size": "16 oz jar"},
{"thumb": "http://i4.peapod.com/c/KK/KKNHZ.gif", "price": "249", "unit_price": "$.12/ oz", "name": "Nature's Promise Organics Ketchup", "cnid": "995202054404", "productId": "147650", "size": "20 oz btl"},
{"thumb": "http://i4.peapod.com/c/KK/KKNHZ.gif", "price": "299", "unit_price": "$.43/ oz", "name": "Olde Cape Cod Sweet & Hot Honey Mustard", "cnid": "995202054404", "productId": "36483", "size": "7 oz jar"},
{"thumb": "http://i4.peapod.com/c/KK/KKNHZ.gif", "price": "249", "unit_price": "$.16/ oz", "name": "Smart Balance Omega Plus Mayonnaise Dressing Light", "cnid": "995202054404", "productId": "150404", "size": "16 oz jar"},
{"thumb": "http://i4.peapod.com/c/KK/KKNHZ.gif", "price": "639", "unit_price": "$.40/ oz", "name": "Spectrum Naturals Mayonnaise Organic", "cnid": "995202054404", "productId": "154897", "size": "16 oz btl"},
{"thumb": "http://i4.peapod.com/c/KK/KKNHZ.gif", "price": "199", "unit_price": "$.17/ oz", "name": "Stop & Shop Dijon Mustard All Natural", "cnid": "995202054404", "productId": "190749", "size": "12 oz sqz"},
{"thumb": "http://i4.peapod.com/c/KK/KKNHZ.gif", "price": "299", "unit_price": "$.17/ oz", "name": "Stop & Shop Real Mayonnaise", "cnid": "995202054404", "productId": "162820", "size": "18 oz sqz"},
{"thumb": "http://i4.peapod.com/c/KK/KKNHZ.gif", "price": "299", "unit_price": "$.10/ oz", "name": "Stop & Shop Real Mayonnaise", "cnid": "995202054404", "productId": "57325", "size": "30 oz jar"},
{"thumb": "http://i4.peapod.com/c/KK/KKNHZ.gif", "price": "329", "unit_price": "$.05/ oz", "name": "Stop & Shop Tomato Ketchup", "cnid": "995202054404", "productId": "58126", "size": "64 oz btl"},
{"thumb": "http://i4.peapod.com/c/KK/KKNHZ.gif", "price": "199", "unit_price": "$.05/ oz", "name": "Stop & Shop Tomato Ketchup", "cnid": "995202054404", "productId": "58125", "size": "36 oz sqz"},
{"thumb": "http://i4.peapod.com/c/KK/KKNHZ.gif", "price": "99", "unit_price": "$.12/ oz", "name": "Stop & Shop Yellow Mustard", "cnid": "995202054404", "productId": "186896", "size": "8 oz sqz"},
{"thumb": "http://i4.peapod.com/c/KK/KKNHZ.gif", "price": "329", "unit_price": "$.41/ oz", "name": "Woodstock Farms Yellow Mustard Organic", "cnid": "995202054404", "productId": "147519", "size": "8 oz sqz"},
{"thumb": "http://i4.peapod.com/c/KK/KKNHZ.gif", "price": "299", "unit_price": "$.33/ oz", "name": "Boar's Head Delicatessen Style Mustard with White Wine All Natural", "cnid": "9952035126", "productId": "119497", "size": "9 oz sqz"},
{"thumb": "http://i4.peapod.com/c/KK/KKNHZ.gif", "price": "359", "unit_price": "$.34/ oz", "name": "Boar's Head Honey Mustard All Natural", "cnid": "9952035126", "productId": "143378", "size": "10.5 oz sqz"},
{"thumb": "http://i4.peapod.com/c/KK/KKNHZ.gif", "price": "369", "unit_price": "$.20/ oz", "name": "Cains Bottoms Up!! Mayonnaise All Natural", "cnid": "9952035126", "productId": "182185", "size": "18 oz sqz"},
{"thumb": "http://i4.peapod.com/c/KK/KKNHZ.gif", "price": "499", "unit_price": "$.17/ oz", "name": "Cains Mayonnaise All Natural", "cnid": "9952035126", "productId": "34933", "size": "30 oz jar"},
{"thumb": "http://i4.peapod.com/c/KK/KKNHZ.gif", "price": "499", "unit_price": "$.17/ oz", "name": "Cains Mayonnaise Dressing Fat Free", "cnid": "9952035126", "productId": "34934", "size": "30 oz jar"},
{"thumb": "http://i4.peapod.com/c/KK/KKNHZ.gif", "price": "499", "unit_price": "$.16/ oz", "name": "Cains Mayonnaise Light Reduced Calorie", "cnid": "9952035126", "productId": "180054", "size": "32 oz jar"},
{"thumb": "http://i4.peapod.com/c/KK/KKNHZ.gif", "price": "300", "unit_price": "$.85/ oz", "name": "Colman's Original English Mustard", "cnid": "9952035126", "productId": "163845", "size": "3.53 oz jar"},
{"thumb": "http://i4.peapod.com/c/KK/KKNHZ.gif", "price": "289", "unit_price": "$.14/ oz", "name": "French's Classic Yellow Mustard 100% Natural", "cnid": "9952035126", "productId": "127334", "size": "20 oz sqz"},
{"thumb": "http://i4.peapod.com/c/KK/KKNHZ.gif", "price": "219", "unit_price": "$.16/ oz", "name": "French's Classic Yellow Mustard 100% Natural", "cnid": "9952035126", "productId": "12469", "size": "14 oz sqz"},
{"thumb": "http://i4.peapod.com/c/KK/KKNHZ.gif", "price": "299", "unit_price": "$.25/ oz", "name": "French's Honey Mustard", "cnid": "9952035126", "productId": "91172", "size": "12 oz sqz"},
{"thumb": "http://i4.peapod.com/c/KK/KKNHZ.gif", "price": "289", "unit_price": "$.16/ oz", "name": "French's Spicy Brown Mustard", "cnid": "9952035126", "productId": "162658", "size": "18 oz btl"},
{"thumb": "http://i4.peapod.com/c/KK/KKNHZ.gif", "price": "219", "unit_price": "$.18/ oz", "name": "French's Spicy Brown Mustard", "cnid": "9952035126", "productId": "49613", "size": "12 oz sqz"},
{"thumb": "http://i4.peapod.com/c/KK/KKNHZ.gif", "price": "339", "unit_price": "$.42/ oz", "name": "Grey Poupon Country Dijon Mustard", "cnid": "9952035126", "productId": "7738", "size": "8 oz jar"},
{"thumb": "http://i4.peapod.com/c/KK/KKNHZ.gif", "price": "339", "unit_price": "$.34/ oz", "name": "Grey Poupon Deli Mustard with Horseradish", "cnid": "9952035126", "productId": "67559", "size": "10 oz sqz"},
{"thumb": "http://i4.peapod.com/c/KK/KKNHZ.gif", "price": "339", "unit_price": "$.42/ oz", "name": "Grey Poupon Dijon Mustard Made with White Wine", "cnid": "9952035126", "productId": "7737", "size": "8 oz jar"},
{"thumb": "http://i4.peapod.com/c/KK/KKNHZ.gif", "price": "549", "unit_price": "$.34/ oz", "name": "Grey Poupon Dijon Mustard Made with White Wine", "cnid": "9952035126", "productId": "34017", "size": "16 oz jar"},
{"thumb": "http://i4.peapod.com/c/KK/KKNHZ.gif", "price": "339", "unit_price": "$.34/ oz", "name": "Grey Poupon Dijon Mustard Made with White Wine", "cnid": "9952035126", "productId": "41980", "size": "10 oz sqz"},
{"thumb": "http://i4.peapod.com/c/KK/KKNHZ.gif", "price": "339", "unit_price": "$.14/ oz", "name": "Gulden's Spicy Brown Mustard", "cnid": "9952035126", "productId": "118735", "size": "24 oz jar"},
{"thumb": "http://i4.peapod.com/c/KK/KKNHZ.gif", "price": "100", "unit_price": "$.08/ oz", "name": "Gulden's Spicy Brown Mustard", "cnid": "9952035126", "productId": "12466", "size": "12 oz sqz"},
{"thumb": "http://i4.peapod.com/c/KK/KKNHZ.gif", "price": "349", "unit_price": "$.09/ oz", "name": "Heinz Tomato Ketchup", "cnid": "9952035126", "productId": "112576", "size": "38 oz sqz"},
{"thumb": "http://i4.peapod.com/c/KK/KKNHZ.gif", "price": "239", "unit_price": "$.12/ oz", "name": "Heinz Tomato Ketchup", "cnid": "9952035126", "productId": "129868", "size": "20 oz sqz"},
{"thumb": "http://i4.peapod.com/c/KK/KKNHZ.gif", "price": "489", "unit_price": "$.08/ oz", "name": "Heinz Tomato Ketchup", "cnid": "9952035126", "productId": "575", "size": "64 oz sqz"},
{"thumb": "http://i4.peapod.com/c/KK/KKNHZ.gif", "price": "250", "unit_price": "$.08/ oz", "name": "Heinz Tomato Ketchup (Classic Heinz)", "cnid": "9952035126", "productId": "129869", "size": "32 oz sqz"},
{"thumb": "http://i4.peapod.com/c/KK/KKNHZ.gif", "price": "339", "unit_price": "$.24/ oz", "name": "Heinz Tomato Ketchup No Salt Added Made with AlsoSalt", "cnid": "9952035126", "productId": "155205", "size": "14 oz sqz"},
{"thumb": "http://i4.peapod.com/c/KK/KKNHZ.gif", "price": "319", "unit_price": "$.23/ oz", "name": "Heinz Tomato Ketchup Organic Certified", "cnid": "9952035126", "productId": "148998", "size": "14 oz sqz"},
{"thumb": "http://i4.peapod.com/c/KK/KKNHZ.gif", "price": "499", "unit_price": "$.17/ oz", "name": "Hellmann's Canola Mayonnaise Cholesterol Free", "cnid": "9952035126", "productId": "137082", "size": "30 oz jar"},
{"thumb": "http://i4.peapod.com/c/KK/KKNHZ.gif", "price": "259", "unit_price": "$.27/ oz", "name": "Hellmann's Dijonnaise Creamy Dijon Mustard", "cnid": "9952035126", "productId": "43033", "size": "9.5 oz sqz"},
{"thumb": "http://i4.peapod.com/c/KK/KKNHZ.gif", "price": "449", "unit_price": "$.27/ oz", "name": "Hellmann's Easy Out! Mayonnaise Light", "cnid": "9952035126", "productId": "137289", "size": "16.5 oz sqz"},
{"thumb": "http://i4.peapod.com/c/KK/KKNHZ.gif", "price": "569", "unit_price": "$.26/ oz", "name": "Hellmann's Easy Out! Mayonnaise Light", "cnid": "9952035126", "productId": "148988", "size": "22 oz sqz"},
{"thumb": "http://i4.peapod.com/c/KK/KKNHZ.gif", "price": "449", "unit_price": "$.27/ oz", "name": "Hellmann's Easy Out! Real Mayonnaise", "cnid": "9952035126", "productId": "117304", "size": "16.5 oz sqz"},
{"thumb": "http://i4.peapod.com/c/KK/KKNHZ.gif", "price": "569", "unit_price": "$.26/ oz", "name": "Hellmann's Easy Out! Real Mayonnaise", "cnid": "9952035126", "productId": "148989", "size": "22 oz sqz"},
{"thumb": "http://i4.peapod.com/c/KK/KKNHZ.gif", "price": "499", "unit_price": "$.17/ oz", "name": "Hellmann's Mayonnaise Dressing with Extra Virgin Olive Oil", "cnid": "9952035126", "productId": "152256", "size": "30 oz jar"},
{"thumb": "http://i4.peapod.com/c/KK/KKNHZ.gif", "price": "499", "unit_price": "$.17/ oz", "name": "Hellmann's Mayonnaise Light", "cnid": "9952035126", "productId": "6744", "size": "30 oz jar"},
{"thumb": "http://i4.peapod.com/c/KK/KKNHZ.gif", "price": "779", "unit_price": "$.16/ oz", "name": "Hellmann's Real Mayonnaise", "cnid": "9952035126", "productId": "6741", "size": "48 oz jar"},
{"thumb": "http://i4.peapod.com/c/KK/KKNHZ.gif", "price": "379", "unit_price": "$.25/ oz", "name": "Hellmann's Real Mayonnaise", "cnid": "9952035126", "productId": "6740", "size": "15 oz jar"},
{"thumb": "http://i4.peapod.com/c/KK/KKNHZ.gif", "price": "499", "unit_price": "$.17/ oz", "name": "Hellmann's Real Mayonnaise", "cnid": "9952035126", "productId": "6739", "size": "30 oz jar"},
{"thumb": "http://i4.peapod.com/c/KK/KKNHZ.gif", "price": "599", "unit_price": "$.75/ oz", "name": "Honeycup Uniquely Sharp Mustard", "cnid": "9952035126", "productId": "19623", "size": "8 oz jar"},
{"thumb": "http://i4.peapod.com/c/KK/KKNHZ.gif", "price": "219", "unit_price": "$.09/ oz", "name": "Hunt's Tomato Ketchup", "cnid": "9952035126", "productId": "2447", "size": "24 oz sqz"},
{"thumb": "http://i4.peapod.com/c/KK/KKNHZ.gif", "price": "239", "unit_price": "$.60/ oz", "name": "Inglehoffer Sweet Honey Mustard", "cnid": "9952035126", "productId": "25666", "size": "4 oz jar"},
{"thumb": "http://i4.peapod.com/c/KK/KKNHZ.gif", "price": "569", "unit_price": "$.19/ oz", "name": "Kraft Miracle Whip Dressing Light", "cnid": "9952035126", "productId": "1835", "size": "30 oz jar"},
{"thumb": "http://i4.peapod.com/c/KK/KKNHZ.gif", "price": "429", "unit_price": "$.29/ oz", "name": "Kraft Miracle Whip Dressing Light", "cnid": "9952035126", "productId": "1834", "size": "15 oz jar"},
{"thumb": "http://i4.peapod.com/c/KK/KKNHZ.gif", "price": "569", "unit_price": "$.19/ oz", "name": "Kraft Miracle Whip Dressing Original", "cnid": "9952035126", "productId": "1832", "size": "30 oz jar"},
{"thumb": "http://i4.peapod.com/c/KK/KKNHZ.gif", "price": "399", "unit_price": "$.33/ oz", "name": "Kraft Miracle Whip Dressing Original", "cnid": "9952035126", "productId": "92854", "size": "12 oz sqz"},
{"thumb": "http://i4.peapod.com/c/KK/KKNHZ.gif", "price": "349", "unit_price": "$.29/ oz", "name": "Kraft Sandwich Shop Mayonnaise Reduced-Fat Chipotle", "cnid": "9952035126", "productId": "158937", "size": "12 oz sqz"},
{"thumb": "http://i4.peapod.com/c/KK/KKNHZ.gif", "price": "350", "unit_price": "$.47/ oz", "name": "Maille Original Dijon Mustard", "cnid": "9952035126", "productId": "19251", "size": "7.5 oz jar"},
{"thumb": "http://i4.peapod.com/c/KK/KKNHZ.gif", "price": "369", "unit_price": "$.26/ oz", "name": "Nasoya Nayonaise Original Soy-Based Sandwich Spread Egg Free", "cnid": "9952035126", "productId": "134807", "size": "14 oz jar"},
{"thumb": "http://i4.peapod.com/c/KK/KKNHZ.gif", "price": "229", "unit_price": "$.14/ oz", "name": "Nathan's Famous Deli Style Mustard", "cnid": "9952035126", "productId": "163632", "size": "16 oz jar"},
{"thumb": "http://i4.peapod.com/c/KK/KKNHZ.gif", "price": "249", "unit_price": "$.12/ oz", "name": "Nature's Promise Organics Ketchup", "cnid": "9952035126", "productId": "147650", "size": "20 oz btl"},
{"thumb": "http://i4.peapod.com/c/KK/KKNHZ.gif", "price": "299", "unit_price": "$.43/ oz", "name": "Olde Cape Cod Sweet & Hot Honey Mustard", "cnid": "9952035126", "productId": "36483", "size": "7 oz jar"},
{"thumb": "http://i4.peapod.com/c/KK/KKNHZ.gif", "price": "249", "unit_price": "$.16/ oz", "name": "Smart Balance Omega Plus Mayonnaise Dressing Light", "cnid": "9952035126", "productId": "150404", "size": "16 oz jar"},
{"thumb": "http://i4.peapod.com/c/KK/KKNHZ.gif", "price": "639", "unit_price": "$.40/ oz", "name": "Spectrum Naturals Mayonnaise Organic", "cnid": "9952035126", "productId": "154897", "size": "16 oz btl"},
{"thumb": "http://i4.peapod.com/c/KK/KKNHZ.gif", "price": "199", "unit_price": "$.17/ oz", "name": "Stop & Shop Dijon Mustard All Natural", "cnid": "9952035126", "productId": "190749", "size": "12 oz sqz"},
{"thumb": "http://i4.peapod.com/c/KK/KKNHZ.gif", "price": "299", "unit_price": "$.17/ oz", "name": "Stop & Shop Real Mayonnaise", "cnid": "9952035126", "productId": "162820", "size": "18 oz sqz"},
{"thumb": "http://i4.peapod.com/c/KK/KKNHZ.gif", "price": "299", "unit_price": "$.10/ oz", "name": "Stop & Shop Real Mayonnaise", "cnid": "9952035126", "productId": "57325", "size": "30 oz jar"},
{"thumb": "http://i4.peapod.com/c/KK/KKNHZ.gif", "price": "329", "unit_price": "$.05/ oz", "name": "Stop & Shop Tomato Ketchup", "cnid": "9952035126", "productId": "58126", "size": "64 oz btl"},
{"thumb": "http://i4.peapod.com/c/KK/KKNHZ.gif", "price": "199", "unit_price": "$.05/ oz", "name": "Stop & Shop Tomato Ketchup", "cnid": "9952035126", "productId": "58125", "size": "36 oz sqz"},
{"thumb": "http://i4.peapod.com/c/KK/KKNHZ.gif", "price": "99", "unit_price": "$.12/ oz", "name": "Stop & Shop Yellow Mustard", "cnid": "9952035126", "productId": "186896", "size": "8 oz sqz"},
{"thumb": "http://i4.peapod.com/c/KK/KKNHZ.gif", "price": "329", "unit_price": "$.41/ oz", "name": "Woodstock Farms Yellow Mustard Organic", "cnid": "9952035126", "productId": "147519", "size": "8 oz sqz"},
{"thumb": "http://i4.peapod.com/c/KK/KKNHZ.gif", "price": "400", "unit_price": "$.25/ oz", "name": "Ben & Jerry's FroYo Frozen Yogurt Cherry Garcia Low Fat", "cnid": "1011", "productId": "14676", "size": "1 pint"},
{"thumb": "http://i4.peapod.com/c/KK/KKNHZ.gif", "price": "400", "unit_price": "$.25/ oz", "name": "Ben & Jerry's FroYo Frozen Yogurt Chocolate Brownie Low Fat", "cnid": "1011", "productId": "14677", "size": "1 pint"},
{"thumb": "http://i4.peapod.com/c/KK/KKNHZ.gif", "price": "400", "unit_price": "$.25/ oz", "name": "Ben & Jerry's FroYo Frozen Yogurt Half Baked Low Fat", "cnid": "1011", "productId": "150878", "size": "1 pint"},
{"thumb": "http://i4.peapod.com/c/KK/KKNHZ.gif", "price": "400", "unit_price": "$.25/ oz", "name": "Ben & Jerry's Greek Frozen Yogurt Raspberry Fudge Chunk", "cnid": "1011", "productId": "186716", "size": "1 pint"},
{"thumb": "http://i4.peapod.com/c/KK/KKNHZ.gif", "price": "400", "unit_price": "$.25/ oz", "name": "Ben & Jerry's Greek Frozen Yogurt Strawberry Shortcake", "cnid": "1011", "productId": "186715", "size": "1 pint"},
{"thumb": "http://i4.peapod.com/c/KK/KKNHZ.gif", "price": "400", "unit_price": "$.25/ oz", "name": "Ben & Jerry's Ice Cream Cherry Garcia", "cnid": "1011", "productId": "9284", "size": "1 pint"},
{"thumb": "http://i4.peapod.com/c/KK/KKNHZ.gif", "price": "400", "unit_price": "$.25/ oz", "name": "Ben & Jerry's Ice Cream Chocolate Chip Cookie Dough", "cnid": "1011", "productId": "12823", "size": "1 pint"},
{"thumb": "http://i4.peapod.com/c/KK/KKNHZ.gif", "price": "400", "unit_price": "$.25/ oz", "name": "Ben & Jerry's Ice Cream Chocolate Fudge Brownie", "cnid": "1011", "productId": "14520", "size": "1 pint"},
{"thumb": "http://i4.peapod.com/c/KK/KKNHZ.gif", "price": "125", "unit_price": "$.35/ oz", "name": "Ben & Jerry's Ice Cream Chocolate Fudge Brownie Single Serve", "cnid": "1011", "productId": "159388", "size": "3.6 oz cup"},
{"thumb": "http://i4.peapod.com/c/KK/KKNHZ.gif", "price": "400", "unit_price": "$.25/ oz", "name": "Ben & Jerry's Ice Cream Chunky Monkey", "cnid": "1011", "productId": "9285", "size": "1 pint"},
{"thumb": "http://i4.peapod.com/c/KK/KKNHZ.gif", "price": "400", "unit_price": "$.25/ oz", "name": "Ben & Jerry's Ice Cream Cinnamon Buns", "cnid": "1011", "productId": "144759", "size": "1 pint"},
{"thumb": "http://i4.peapod.com/c/KK/KKNHZ.gif", "price": "400", "unit_price": "$.25/ oz", "name": "Ben & Jerry's Ice Cream Coffee Heath Bar Crunch", "cnid": "1011", "productId": "9282", "size": "1 pint"},
{"thumb": "http://i4.peapod.com/c/KK/KKNHZ.gif", "price": "400", "unit_price": "$.25/ oz", "name": "Ben & Jerry's Ice Cream Half Baked", "cnid": "1011", "productId": "114933", "size": "1 pint"},
{"thumb": "http://i4.peapod.com/c/KK/KKNHZ.gif", "price": "400", "unit_price": "$.25/ oz", "name": "Ben & Jerry's Ice Cream Phish Food", "cnid": "1011", "productId": "77054", "size": "1 pint"},
{"thumb": "http://i4.peapod.com/c/KK/KKNHZ.gif", "price": "400", "unit_price": "$.25/ oz", "name": "Ben & Jerry's Ice Cream Pistachio Pistachio", "cnid": "1011", "productId": "106081", "size": "1 pint"},
{"thumb": "http://i4.peapod.com/c/KK/KKNHZ.gif", "price": "400", "unit_price": "$.25/ oz", "name": "Ben & Jerry's Ice Cream Red Velvet Cake", "cnid": "1011", "productId": "164049", "size": "1 pint"},
{"thumb": "http://i4.peapod.com/c/KK/KKNHZ.gif", "price": "400", "unit_price": "$.25/ oz", "name": "Ben & Jerry's Ice Cream Triple Caramel Chunk", "cnid": "1011", "productId": "154726", "size": "1 pint"},
{"thumb": "http://i4.peapod.com/c/KK/KKNHZ.gif", "price": "400", "unit_price": "$.25/ oz", "name": "Ben & Jerry's Ice Cream Vanilla", "cnid": "1011", "productId": "26655", "size": "1 pint"},
{"thumb": "http://i4.peapod.com/c/KK/KKNHZ.gif", "price": "250", "unit_price": "$.05/ oz", "name": "Breyers Blasts! Frozen Dairy Dessert Mrs. Fields Chocolate Fudge Brownie", "cnid": "1011", "productId": "164047", "size": "1.5 quart"},
{"thumb": "http://i4.peapod.com/c/KK/KKNHZ.gif", "price": "250", "unit_price": "$.05/ oz", "name": "Breyers Blasts! Frozen Dairy Dessert Oreo Cookies & Cream", "cnid": "1011", "productId": "115183", "size": "1.5 quart"},
{"thumb": "http://i4.peapod.com/c/KK/KKNHZ.gif", "price": "250", "unit_price": "$.05/ oz", "name": "Breyers Blasts! Ice Cream Reese's Peanut Butter Cups", "cnid": "1011", "productId": "115184", "size": "1.5 quart"},
{"thumb": "http://i4.peapod.com/c/KK/KKNHZ.gif", "price": "250", "unit_price": "$.05/ oz", "name": "Breyers Ice Cream Black Raspberry Chocolate", "cnid": "1011", "productId": "137516", "size": "1.5 quart"},
{"thumb": "http://i4.peapod.com/c/KK/KKNHZ.gif", "price": "250", "unit_price": "$.05/ oz", "name": "Breyers Ice Cream Chocolate", "cnid": "1011", "productId": "1697", "size": "1.5 quart"},
{"thumb": "http://i4.peapod.com/c/KK/KKNHZ.gif", "price": "250", "unit_price": "$.05/ oz", "name": "Breyers Ice Cream Chocolate Chip", "cnid": "1011", "productId": "49368", "size": "1.5 quart"},
{"thumb": "http://i4.peapod.com/c/KK/KKNHZ.gif", "price": "250", "unit_price": "$.05/ oz", "name": "Breyers Ice Cream Chocolate Chip Cookie Dough", "cnid": "1011", "productId": "25948", "size": "1.5 quart"},
{"thumb": "http://i4.peapod.com/c/KK/KKNHZ.gif", "price": "250", "unit_price": "$.05/ oz", "name": "Breyers Ice Cream Coffee", "cnid": "1011", "productId": "1698", "size": "1.5 quart"},
{"thumb": "http://i4.peapod.com/c/KK/KKNHZ.gif", "price": "250", "unit_price": "$.05/ oz", "name": "Breyers Ice Cream Cookies & Cream", "cnid": "1011", "productId": "1705", "size": "1.5 quart"},
{"thumb": "http://i4.peapod.com/c/KK/KKNHZ.gif", "price": "250", "unit_price": "$.05/ oz", "name": "Breyers Ice Cream Creamy Chocolate Light", "cnid": "1011", "productId": "153140", "size": "1.5 quart"},
{"thumb": "http://i4.peapod.com/c/KK/KKNHZ.gif", "price": "250", "unit_price": "$.05/ oz", "name": "Breyers Ice Cream Extra Creamy Chocolate", "cnid": "1011", "productId": "150200", "size": "1.5 quart"},
{"thumb": "http://i4.peapod.com/c/KK/KKNHZ.gif", "price": "250", "unit_price": "$.05/ oz", "name": "Breyers Ice Cream French Vanilla", "cnid": "1011", "productId": "54227", "size": "1.5 quart"},
{"thumb": "http://i4.peapod.com/c/KK/KKNHZ.gif", "price": "250", "unit_price": "$.05/ oz", "name": "Breyers Ice Cream Mint Chocolate Chip", "cnid": "1011", "productId": "1700", "size": "1.5 quart"},
{"thumb": "http://i4.peapod.com/c/KK/KKNHZ.gif", "price": "250", "unit_price": "$.05/ oz", "name": "Breyers Ice Cream Natural Vanilla", "cnid": "1011", "productId": "1699", "size": "1.5 quart"},
{"thumb": "http://i4.peapod.com/c/KK/KKNHZ.gif", "price": "250", "unit_price": "$.05/ oz", "name": "Breyers Ice Cream Vanilla Chocolate Strawberry", "cnid": "1011", "productId": "1701", "size": "1.5 quart"},
{"thumb": "http://i4.peapod.com/c/KK/KKNHZ.gif", "price": "250", "unit_price": "$.05/ oz", "name": "Breyers Smooth & Dreamy Extra Creamy Ice Cream Vanilla No Sugar Added", "cnid": "1011", "productId": "41647", "size": "1.5 quart"},
{"thumb": "http://i4.peapod.com/c/KK/KKNHZ.gif", "price": "250", "unit_price": "$.05/ oz", "name": "Breyers Smooth & Dreamy Ice Cream Vanilla Choc & Strawberry No Sugar Added", "cnid": "1011", "productId": "155229", "size": "1.5 quart"},
{"thumb": "http://i4.peapod.com/c/KK/KKNHZ.gif", "price": "499", "unit_price": "$.16/ oz", "name": "Brigham's Ice Cream Chocolate", "cnid": "1011", "productId": "35521", "size": "1 quart"},
{"thumb": "http://i4.peapod.com/c/KK/KKNHZ.gif", "price": "499", "unit_price": "$.16/ oz", "name": "Brigham's Ice Cream Vanilla", "cnid": "1011", "productId": "35520", "size": "1 quart"},
{"thumb": "http://i4.peapod.com/c/KK/KKNHZ.gif", "price": "1099", "unit_price": "$.34/ oz", "name": "Carvel Ice Cream Roll Traditional Chocolate & Vanilla", "cnid": "1011", "productId": "150487", "size": "32 oz pkg"},
{"thumb": "http://i4.peapod.com/c/KK/KKNHZ.gif", "price": "2399", "unit_price": "$.26/ oz", "name": "Carvel Ice Cream Sheet Cake Chocolate & Vanilla Layers Square Small", "cnid": "1011", "productId": "150488", "size": "2.5 qt pkg"},
{"thumb": "http://i4.peapod.com/c/KK/KKNHZ.gif", "price": "400", "unit_price": "$.80/ ea", "name": "Diana's Bananas Banana Babies Milk Chocolate All Natural - 5 ct Frozen", "cnid": "1011", "productId": "113969", "size": "10.5 oz box"},
{"thumb": "http://i4.peapod.com/c/KK/KKNHZ.gif", "price": "449", "unit_price": "$1.50/ ea", "name": "Dove Ice Cream Bars Vanilla with Dark Chocolate Coating - 3 ct", "cnid": "1011", "productId": "24853", "size": "8.67 oz box"},
{"thumb": "http://i4.peapod.com/c/KK/KKNHZ.gif", "price": "449", "unit_price": "$.32/ ea", "name": "Dove Ice Cream Miniatures with Dark Chocolate Variety Pack - 14 ct", "cnid": "1011", "productId": "13639", "size": "10.5 oz box"},
{"thumb": "http://i4.peapod.com/c/KK/KKNHZ.gif", "price": "499", "unit_price": "$.42/ ea", "name": "Edy's Fruit Bars Lime, Strawberry & Wild Berry - 12 ct", "cnid": "1011", "productId": "124150", "size": "18 oz box"},
{"thumb": "http://i4.peapod.com/c/KK/KKNHZ.gif", "price": "499", "unit_price": "$.83/ ea", "name": "Edy's Fruit Bars Strawberry - 6 ct", "cnid": "1011", "productId": "49675", "size": "16.5 oz box"},
{"thumb": "http://i4.peapod.com/c/KK/KKNHZ.gif", "price": "499", "unit_price": "$.42/ ea", "name": "Edy's Fruit Bars Variety No Sugar Added - 12 ct", "cnid": "1011", "productId": "131785", "size": "18 oz box"},
{"thumb": "http://i4.peapod.com/c/KK/KKNHZ.gif", "price": "649", "unit_price": "$.14/ oz", "name": "Edy's Grand Rich & Creamy Ice Cream Chocolate Chip", "cnid": "1011", "productId": "129446", "size": "1.5 quart"},
{"thumb": "http://i4.peapod.com/c/KK/KKNHZ.gif", "price": "649", "unit_price": "$.14/ oz", "name": "Edy's Grand Rich & Creamy Ice Cream Chocolate Peanut Butter Cup", "cnid": "1011", "productId": "144751", "size": "1.5 quart"},
{"thumb": "http://i4.peapod.com/c/KK/KKNHZ.gif", "price": "649", "unit_price": "$.14/ oz", "name": "Edy's Grand Rich & Creamy Ice Cream Mint Chocolate Chip", "cnid": "1011", "productId": "127447", "size": "1.5 quart"},
{"thumb": "http://i4.peapod.com/c/KK/KKNHZ.gif", "price": "649", "unit_price": "$.14/ oz", "name": "Edy's Grand Rich & Creamy Ice Cream Nestle Drumstick", "cnid": "1011", "productId": "141025", "size": "1.5 quart"},
{"thumb": "http://i4.peapod.com/c/KK/KKNHZ.gif", "price": "649", "unit_price": "$.14/ oz", "name": "Edy's Grand Rich & Creamy Ice Cream Real Strawberry", "cnid": "1011", "productId": "129452", "size": "1.5 quart"},
{"thumb": "http://i4.peapod.com/c/KK/KKNHZ.gif", "price": "649", "unit_price": "$.14/ oz", "name": "Edy's Grand Rich & Creamy Ice Cream Rocky Road", "cnid": "1011", "productId": "127438", "size": "1.5 quart"},
{"thumb": "http://i4.peapod.com/c/KK/KKNHZ.gif", "price": "649", "unit_price": "$.14/ oz", "name": "Edy's Grand Rich & Creamy Ice Cream Vanilla Bean", "cnid": "1011", "productId": "127446", "size": "1.5 quart"},
{"thumb": "http://i4.peapod.com/c/KK/KKNHZ.gif", "price": "649", "unit_price": "$.14/ oz", "name": "Edy's Sherbet Berry Rainbow", "cnid": "1011", "productId": "153137", "size": "1.5 quart"},
{"thumb": "http://i4.peapod.com/c/KK/KKNHZ.gif", "price": "649", "unit_price": "$.14/ oz", "name": "Edy's Sherbet Orange Cream", "cnid": "1011", "productId": "129445", "size": "1.5 quart"},
{"thumb": "http://i4.peapod.com/c/KK/KKNHZ.gif", "price": "649", "unit_price": "$.14/ oz", "name": "Edy's Slow Churned Ice Cream Caramel Delight Light", "cnid": "1011", "productId": "137037", "size": "1.5 quart"},
{"thumb": "http://i4.peapod.com/c/KK/KKNHZ.gif", "price": "649", "unit_price": "$.14/ oz", "name": "Edy's Slow Churned Ice Cream Chocolate Chip Light", "cnid": "1011", "productId": "133947", "size": "1.5 quart"},
{"thumb": "http://i4.peapod.com/c/KK/KKNHZ.gif", "price": "649", "unit_price": "$.14/ oz", "name": "Edy's Slow Churned Ice Cream Chocolate Light", "cnid": "1011", "productId": "133946", "size": "1.5 quart"},
{"thumb": "http://i4.peapod.com/c/KK/KKNHZ.gif", "price": "150", "unit_price": "$.26/ oz", "name": "Edy's Slow Churned Ice Cream Chocolate Light Single Serve", "cnid": "1011", "productId": "158839", "size": "5.8 oz cup"},
{"thumb": "http://i4.peapod.com/c/KK/KKNHZ.gif", "price": "649", "unit_price": "$.14/ oz", "name": "Edy's Slow Churned Ice Cream Coffee Light", "cnid": "1011", "productId": "137039", "size": "1.5 quart"},
{"thumb": "http://i4.peapod.com/c/KK/KKNHZ.gif", "price": "150", "unit_price": "$.26/ oz", "name": "Edy's Slow Churned Ice Cream Coffee Light Single Serve", "cnid": "1011", "productId": "167648", "size": "5.8 oz cup"},
{"thumb": "http://i4.peapod.com/c/KK/KKNHZ.gif", "price": "649", "unit_price": "$.14/ oz", "name": "Edy's Slow Churned Ice Cream Cookie Dough Light", "cnid": "1011", "productId": "127448", "size": "1.5 quart"},
{"thumb": "http://i4.peapod.com/c/KK/KKNHZ.gif", "price": "649", "unit_price": "$.14/ oz", "name": "Edy's Slow Churned Ice Cream Double Fudge Brownie Light", "cnid": "1011", "productId": "141026", "size": "1.5 quart"},
{"thumb": "http://i4.peapod.com/c/KK/KKNHZ.gif", "price": "649", "unit_price": "$.14/ oz", "name": "Edy's Slow Churned Ice Cream Fudge Tracks No Sugar Added Light", "cnid": "1011", "productId": "155230", "size": "1.5 quart"},
{"thumb": "http://i4.peapod.com/c/KK/KKNHZ.gif", "price": "150", "unit_price": "$.26/ oz", "name": "Edy's Slow Churned Ice Cream Mint Chocolate Chip Light Single Serve", "cnid": "1011", "productId": "158841", "size": "5.8 oz cup"},
{"thumb": "http://i4.peapod.com/c/KK/KKNHZ.gif", "price": "649", "unit_price": "$.14/ oz", "name": "Edy's Slow Churned Ice Cream Mint Cookie Crunch Light", "cnid": "1011", "productId": "154744", "size": "1.5 quart"},
{"thumb": "http://i4.peapod.com/c/KK/KKNHZ.gif", "price": "649", "unit_price": "$.14/ oz", "name": "Edy's Slow Churned Ice Cream Peanut Butter Cup Light", "cnid": "1011", "productId": "129442", "size": "1.5 quart"},
{"thumb": "http://i4.peapod.com/c/KK/KKNHZ.gif", "price": "649", "unit_price": "$.14/ oz", "name": "Edy's Slow Churned Ice Cream Vanilla Bean Light", "cnid": "1011", "productId": "137040", "size": "1.5 quart"},
{"thumb": "http://i4.peapod.com/c/KK/KKNHZ.gif", "price": "150", "unit_price": "$.26/ oz", "name": "Edy's Slow Churned Ice Cream Vanilla Bean Light Single Serve", "cnid": "1011", "productId": "158842", "size": "5.8 oz cup"},
{"thumb": "http://i4.peapod.com/c/KK/KKNHZ.gif", "price": "649", "unit_price": "$.14/ oz", "name": "Edy's Slow Churned Ice Cream Vanilla Light", "cnid": "1011", "productId": "127449", "size": "1.5 quart"},
{"thumb": "http://i4.peapod.com/c/KK/KKNHZ.gif", "price": "199", "unit_price": "$.25/ oz", "name": "Edy's Smoothies Frozen Smoothie Mix Strawberry Banana - Add Milk", "cnid": "1011", "productId": "162400", "size": "8.1 oz cup"},
{"thumb": "http://i4.peapod.com/c/KK/KKNHZ.gif", "price": "449", "unit_price": "$.09/ oz", "name": "Friendly's Ice Cream Mint Chocolate Chip Light", "cnid": "1011", "productId": "150774", "size": "1.5 quart"},
{"thumb": "http://i4.peapod.com/c/KK/KKNHZ.gif", "price": "449", "unit_price": "$.09/ oz", "name": "Friendly's Ice Cream Peanut Butter Cup", "cnid": "1011", "productId": "141465", "size": "1.5 quart"},
{"thumb": "http://i4.peapod.com/c/KK/KKNHZ.gif", "price": "449", "unit_price": "$.09/ oz", "name": "Friendly's Ice Cream Vanilla", "cnid": "1011", "productId": "37229", "size": "1.5 quart"},
{"thumb": "http://i4.peapod.com/c/KK/KKNHZ.gif", "price": "133", "unit_price": "$.22/ oz", "name": "Friendly's Sundae Ice Cream Ice Cream Cake Single Serve", "cnid": "1011", "productId": "178002", "size": "6 oz cup"},
{"thumb": "http://i4.peapod.com/c/KK/KKNHZ.gif", "price": "133", "unit_price": "$.22/ oz", "name": "Friendly's Sundae Ice Cream Nutty Caramel Crunch Single Serve", "cnid": "1011", "productId": "68866", "size": "6 oz cup"},
{"thumb": "http://i4.peapod.com/c/KK/KKNHZ.gif", "price": "133", "unit_price": "$.22/ oz", "name": "Friendly's Sundae Ice Cream Original Fudge Single Serve", "cnid": "1011", "productId": "128251", "size": "6 oz cup"},
{"thumb": "http://i4.peapod.com/c/KK/KKNHZ.gif", "price": "133", "unit_price": "$.22/ oz", "name": "Friendly's Sundae Ice Cream Reese's Peanut Butter Single Serve", "cnid": "1011", "productId": "68864", "size": "6 oz cup"},
{"thumb": "http://i4.peapod.com/c/KK/KKNHZ.gif", "price": "459", "unit_price": "$.23/ ea", "name": "Fudgsicle Fudge Bars Original No Sugar Added - 20 ct", "cnid": "1011", "productId": "153431", "size": "33 oz box"},
{"thumb": "http://i4.peapod.com/c/KK/KKNHZ.gif", "price": "399", "unit_price": "$.67/ ea", "name": "Good Humor Ice Cream Bars Chocolate Eclair - 6 ct", "cnid": "1011", "productId": "4196", "size": "18 oz box"},
{"thumb": "http://i4.peapod.com/c/KK/KKNHZ.gif", "price": "399", "unit_price": "$.28/ oz", "name": "Haagen-Dazs Frozen Yogurt Vanilla", "cnid": "1011", "productId": "50499", "size": "14 oz ctn"},
{"thumb": "http://i4.peapod.com/c/KK/KKNHZ.gif", "price": "399", "unit_price": "$.28/ oz", "name": "Haagen-Dazs Ice Cream Chocolate", "cnid": "1011", "productId": "9095", "size": "14 oz ctn"},
{"thumb": "http://i4.peapod.com/c/KK/KKNHZ.gif", "price": "167", "unit_price": "$.46/ oz", "name": "Haagen-Dazs Ice Cream Chocolate Single Serve", "cnid": "1011", "productId": "150222", "size": "3.6 oz cup"},
{"thumb": "http://i4.peapod.com/c/KK/KKNHZ.gif", "price": "399", "unit_price": "$.28/ oz", "name": "Haagen-Dazs Ice Cream Coffee", "cnid": "1011", "productId": "9102", "size": "14 oz ctn"},
{"thumb": "http://i4.peapod.com/c/KK/KKNHZ.gif", "price": "399", "unit_price": "$.28/ oz", "name": "Haagen-Dazs Ice Cream Pineapple Coconut", "cnid": "1011", "productId": "109067", "size": "14 oz ctn"},
{"thumb": "http://i4.peapod.com/c/KK/KKNHZ.gif", "price": "167", "unit_price": "$.46/ oz", "name": "Haagen-Dazs Ice Cream Vanilla Single Serve All Natural", "cnid": "1011", "productId": "150221", "size": "3.6 oz cup"},
{"thumb": "http://i4.peapod.com/c/KK/KKNHZ.gif", "price": "399", "unit_price": "$.28/ oz", "name": "Haagen-Dazs Sorbet Raspberry All Natural", "cnid": "1011", "productId": "9106", "size": "14 oz ctn"},
{"thumb": "http://i4.peapod.com/c/KK/KKNHZ.gif", "price": "399", "unit_price": "$.28/ oz", "name": "Haagen-Dazs Sorbet Zesty Lemon All Natural", "cnid": "1011", "productId": "26525", "size": "14 oz ctn"},
{"thumb": "http://i4.peapod.com/c/KK/KKNHZ.gif", "price": "449", "unit_price": "$.08/ oz", "name": "Hood Frozen Yogurt Chocolate Fudge Brownie Low Fat", "cnid": "1011", "productId": "179121", "size": "1.75 quart"},
{"thumb": "http://i4.peapod.com/c/KK/KKNHZ.gif", "price": "449", "unit_price": "$.09/ oz", "name": "Hood Frozen Yogurt Cookies & Cream Low Fat", "cnid": "1011", "productId": "163223", "size": "1.5 quart"},
{"thumb": "http://i4.peapod.com/c/KK/KKNHZ.gif", "price": "449", "unit_price": "$.09/ oz", "name": "Hood Frozen Yogurt Vanilla Fat Free", "cnid": "1011", "productId": "153143", "size": "1.5 quart"},
{"thumb": "http://i4.peapod.com/c/KK/KKNHZ.gif", "price": "349", "unit_price": "$.35/ ea", "name": "Hood Hoodsie Ice Cream Cups Vanilla & Chocolate Single Serve - 10 ct", "cnid": "1011", "productId": "63100", "size": "30 oz bag"},
{"thumb": "http://i4.peapod.com/c/KK/KKNHZ.gif", "price": "449", "unit_price": "$.09/ oz", "name": "Hood Ice Cream Chippedy Chocolaty", "cnid": "1011", "productId": "35544", "size": "1.5 quart"},
{"thumb": "http://i4.peapod.com/c/KK/KKNHZ.gif", "price": "449", "unit_price": "$.09/ oz", "name": "Hood Ice Cream Chocolate", "cnid": "1011", "productId": "35548", "size": "1.5 quart"},
{"thumb": "http://i4.peapod.com/c/KK/KKNHZ.gif", "price": "449", "unit_price": "$.09/ oz", "name": "Hood Ice Cream Cookies 'n Cream", "cnid": "1011", "productId": "183385", "size": "1.5 quart"},
{"thumb": "http://i4.peapod.com/c/KK/KKNHZ.gif", "price": "449", "unit_price": "$.09/ oz", "name": "Hood Ice Cream Golden Vanilla", "cnid": "1011", "productId": "35543", "size": "1.5 quart"},
{"thumb": "http://i4.peapod.com/c/KK/KKNHZ.gif", "price": "379", "unit_price": "$.32/ ea", "name": "Hood Ice Cream Sandwiches - 12 ct", "cnid": "1011", "productId": "35511", "size": "30 oz box"},
{"thumb": "http://i4.peapod.com/c/KK/KKNHZ.gif", "price": "379", "unit_price": "$.21/ ea", "name": "Hood Ice Cream Sandwiches Mini - 18 ct", "cnid": "1011", "productId": "154728", "size": "36 oz box"},
{"thumb": "http://i4.peapod.com/c/KK/KKNHZ.gif", "price": "250", "unit_price": "$.42/ ea", "name": "Klondike Ice Cream Bars Dark Chocolate - 6 ct", "cnid": "1011", "productId": "71847", "size": "27 oz pkg"},
{"thumb": "http://i4.peapod.com/c/KK/KKNHZ.gif", "price": "250", "unit_price": "$.42/ ea", "name": "Klondike Ice Cream Bars Krunch - 6 ct", "cnid": "1011", "productId": "26649", "size": "27 oz pkg"},
{"thumb": "http://i4.peapod.com/c/KK/KKNHZ.gif", "price": "250", "unit_price": "$.42/ ea", "name": "Klondike Ice Cream Bars Mint Chocolate Chip - 6 ct", "cnid": "1011", "productId": "164048", "size": "24 oz pkg"},
{"thumb": "http://i4.peapod.com/c/KK/KKNHZ.gif", "price": "250", "unit_price": "$.42/ ea", "name": "Klondike Ice Cream Bars Neapolitan - 6 ct", "cnid": "1011", "productId": "160678", "size": "27 oz pkg"},
{"thumb": "http://i4.peapod.com/c/KK/KKNHZ.gif", "price": "250", "unit_price": "$.42/ ea", "name": "Klondike Ice Cream Bars Original Reduced Fat No Sugar Added - 6 ct", "cnid": "1011", "productId": "49518", "size": "24 oz pkg"},
{"thumb": "http://i4.peapod.com/c/KK/KKNHZ.gif", "price": "250", "unit_price": "$.42/ ea", "name": "Klondike Ice Cream Bars The Original - 6 ct", "cnid": "1011", "productId": "9212", "size": "27 oz pkg"},
{"thumb": "http://i4.peapod.com/c/KK/KKNHZ.gif", "price": "399", "unit_price": "$.12/ oz", "name": "Lactaid Ice Cream Chocolate Lactose Free All Natural", "cnid": "1011", "productId": "150858", "size": "1 quart"},
{"thumb": "http://i4.peapod.com/c/KK/KKNHZ.gif", "price": "399", "unit_price": "$.12/ oz", "name": "Lactaid Ice Cream Vanilla100% Lactose Free All Natural", "cnid": "1011", "productId": "150857", "size": "1 quart"},
{"thumb": "http://i4.peapod.com/c/KK/KKNHZ.gif", "price": "329", "unit_price": "$.55/ ea", "name": "Lindy's Premium Homemade Italian Ice Lemon Fat Free - 6 ct", "cnid": "1011", "productId": "159611", "size": "36 oz box"},
{"thumb": "http://i4.peapod.com/c/KK/KKNHZ.gif", "price": "329", "unit_price": "$.55/ ea", "name": "Lindy's Premium Homemade Italian Ice Strawberry & Watermelon Fat Free-6 ct", "cnid": "1011", "productId": "159612", "size": "36 oz box"},
{"thumb": "http://i4.peapod.com/c/KK/KKNHZ.gif", "price": "449", "unit_price": "$.08/ oz", "name": "Lovin' Scoopful Churned Ice Cream Mintalicious Light", "cnid": "1011", "productId": "177815", "size": "1.75 quart"},
{"thumb": "http://i4.peapod.com/c/KK/KKNHZ.gif", "price": "399", "unit_price": "$.67/ ea", "name": "Luigi's Real Italian Ice Lemon & Strawberry Variety - 6 ct", "cnid": "1011", "productId": "50352", "size": "36 oz box"},
{"thumb": "http://i4.peapod.com/c/KK/KKNHZ.gif", "price": "399", "unit_price": "$.67/ ea", "name": "Luigi's Real Italian Ice Lemon - 6 ct", "cnid": "1011", "productId": "23569", "size": "36 oz box"},
{"thumb": "http://i4.peapod.com/c/KK/KKNHZ.gif", "price": "479", "unit_price": "$1.60/ ea", "name": "Magnum Ice Cream Bars Almond Vanilla Dipped in Milk Chocolate - 3 ct", "cnid": "1011", "productId": "162416", "size": "10.1 oz box"},
{"thumb": "http://i4.peapod.com/c/KK/KKNHZ.gif", "price": "479", "unit_price": "$1.60/ ea", "name": "Magnum Ice Cream Bars Classic Vanilla Dipped in Milk Chocolate - 3 ct", "cnid": "1011", "productId": "162413", "size": "10.1 oz box"},
{"thumb": "http://i4.peapod.com/c/KK/KKNHZ.gif", "price": "479", "unit_price": "$1.60/ ea", "name": "Magnum Ice Cream Bars Double Caramel Vanilla in Milk Chocolate - 3 ct", "cnid": "1011", "productId": "162414", "size": "10.1 oz box"},
{"thumb": "http://i4.peapod.com/c/KK/KKNHZ.gif", "price": "479", "unit_price": "$1.60/ ea", "name": "Magnum Ice Cream Bars Double Chocolate Dipped in Milk Chocolate - 3 ct", "cnid": "1011", "productId": "162415", "size": "10.1 oz box"},
{"thumb": "http://i4.peapod.com/c/KK/KKNHZ.gif", "price": "599", "unit_price": "$1.00/ ea", "name": "Magnum Mini Ice Cream Bars Almond Vanilla Dipped in Milk Chocolate - 6 ct", "cnid": "1011", "productId": "184801", "size": "11.1 oz box"},
{"thumb": "http://i4.peapod.com/c/KK/KKNHZ.gif", "price": "599", "unit_price": "$1.00/ ea", "name": "Magnum Mini Ice Cream Bars Classic Vanilla Dipped in Milk Chocolate - 6 ct", "cnid": "1011", "productId": "184802", "size": "11.1 oz box"},
{"thumb": "http://i4.peapod.com/c/KK/KKNHZ.gif", "price": "350", "unit_price": "$.88/ ea", "name": "Nestle Drumstick Sundae Cones Original Classic Vanilla - 4 ct", "cnid": "1011", "productId": "31110", "size": "18.4 oz box"},
{"thumb": "http://i4.peapod.com/c/KK/KKNHZ.gif", "price": "459", "unit_price": "$.25/ ea", "name": "Popsicle Ice Pops Jolly Rancher Assorted Flavors - 18 ct", "cnid": "1011", "productId": "159354", "size": "29.7 oz box"},
{"thumb": "http://i4.peapod.com/c/KK/KKNHZ.gif", "price": "459", "unit_price": "$.23/ ea", "name": "Popsicle Ice Pops Mighty Minis Slow Melt - 20 ct", "cnid": "1011", "productId": "150864", "size": "10 oz box"},
{"thumb": "http://i4.peapod.com/c/KK/KKNHZ.gif", "price": "459", "unit_price": "$.23/ ea", "name": "Popsicle Ice Pops Orange, Cherry & Grape - 20 ct", "cnid": "1011", "productId": "9326", "size": "33 oz box"},
{"thumb": "http://i4.peapod.com/c/KK/KKNHZ.gif", "price": "459", "unit_price": "$.23/ ea", "name": "Popsicle Ice Pops Orange, Cherry & Grape Sugar Free - 20 ct", "cnid": "1011", "productId": "128647", "size": "33 oz box"},
{"thumb": "http://i4.peapod.com/c/KK/KKNHZ.gif", "price": "459", "unit_price": "$.23/ ea", "name": "Popsicle Ice Pops Tropicals Sugar Free - 20 ct", "cnid": "1011", "productId": "154962", "size": "33 oz box"},
{"thumb": "http://i4.peapod.com/c/KK/KKNHZ.gif", "price": "459", "unit_price": "$.23/ ea", "name": "Popsicle Scribblers Juice Pops Assorted Fruit Flavors - 20 ct", "cnid": "1011", "productId": "116357", "size": "24 oz box"},
{"thumb": "http://i4.peapod.com/c/KK/KKNHZ.gif", "price": "399", "unit_price": "$.12/ oz", "name": "Simply Enjoy Gelato Coconut", "cnid": "1011", "productId": "143308", "size": "33.8 oz ctn"},
{"thumb": "http://i4.peapod.com/c/KK/KKNHZ.gif", "price": "599", "unit_price": "$1.00/ ea", "name": "Skinny Cow Ice Cream Bars Chocolate Truffle Low Fat - 6 ct", "cnid": "1011", "productId": "153614", "size": "15.9 oz box"},
{"thumb": "http://i4.peapod.com/c/KK/KKNHZ.gif", "price": "599", "unit_price": "$1.50/ ea", "name": "Skinny Cow Ice Cream Cones Chocolate with Fudge Low Fat - 4 ct", "cnid": "1011", "productId": "141030", "size": "16 oz box"},
{"thumb": "http://i4.peapod.com/c/KK/KKNHZ.gif", "price": "599", "unit_price": "$1.50/ ea", "name": "Skinny Cow Ice Cream Cones Vanilla with Caramel Low Fat - 4 ct", "cnid": "1011", "productId": "141029", "size": "16 oz box"},
{"thumb": "http://i4.peapod.com/c/KK/KKNHZ.gif", "price": "599", "unit_price": "$1.00/ ea", "name": "Skinny Cow Ice Cream Sandwiches Cookies 'n Cream Low Fat - 6 ct", "cnid": "1011", "productId": "141031", "size": "24 oz box"},
{"thumb": "http://i4.peapod.com/c/KK/KKNHZ.gif", "price": "599", "unit_price": "$1.00/ ea", "name": "Skinny Cow Ice Cream Sandwiches Vanilla & Chocolate Low Fat - 6 ct", "cnid": "1011", "productId": "116797", "size": "24 oz box"},
{"thumb": "http://i4.peapod.com/c/KK/KKNHZ.gif", "price": "599", "unit_price": "$1.00/ ea", "name": "Skinny Cow Ice Cream Sandwiches Vanilla Low Fat - 6 ct", "cnid": "1011", "productId": "117172", "size": "24 oz box"},
{"thumb": "http://i4.peapod.com/c/KK/KKNHZ.gif", "price": "400", "unit_price": "$.25/ oz", "name": "Starbucks Ice Cream Coffee", "cnid": "1011", "productId": "49557", "size": "1 pint"},
{"thumb": "http://i4.peapod.com/c/KK/KKNHZ.gif", "price": "400", "unit_price": "$.25/ oz", "name": "Starbucks Ice Cream Java Chip Frappuccino", "cnid": "1011", "productId": "49556", "size": "1 pint"},
{"thumb": "http://i4.peapod.com/c/KK/KKNHZ.gif", "price": "329", "unit_price": "$.21/ oz", "name": "Stonyfield Organic Frozen Yogurt After Dark Chocolate Non Fat", "cnid": "1011", "productId": "145369", "size": "1 pint"},
{"thumb": "http://i4.peapod.com/c/KK/KKNHZ.gif", "price": "339", "unit_price": "$.07/ oz", "name": "Stop & Shop Churn Style Ice Cream Moose Tracks Light", "cnid": "1011", "productId": "153144", "size": "1.5 quart"},
{"thumb": "http://i4.peapod.com/c/KK/KKNHZ.gif", "price": "339", "unit_price": "$.07/ oz", "name": "Stop & Shop Churn Style Ice Cream Vanilla Light", "cnid": "1011", "productId": "153145", "size": "1.5 quart"},
{"thumb": "http://i4.peapod.com/c/KK/KKNHZ.gif", "price": "329", "unit_price": "$.27/ ea", "name": "Stop & Shop Ice Cream Sandwiches - 12 ct", "cnid": "1011", "productId": "58225", "size": "38.4 oz box"},
{"thumb": "http://i4.peapod.com/c/KK/KKNHZ.gif", "price": "339", "unit_price": "$.07/ oz", "name": "Stop & Shop Real Premium Ice Cream Chocolate Chip", "cnid": "1011", "productId": "185426", "size": "1.5 quart"},
{"thumb": "http://i4.peapod.com/c/KK/KKNHZ.gif", "price": "339", "unit_price": "$.07/ oz", "name": "Stop & Shop Real Premium Ice Cream Cookies & Cream", "cnid": "1011", "productId": "159281", "size": "1.5 quart"},
{"thumb": "http://i4.peapod.com/c/KK/KKNHZ.gif", "price": "339", "unit_price": "$.07/ oz", "name": "Stop & Shop Real Premium Ice Cream Mint Chocolate Chip", "cnid": "1011", "productId": "159282", "size": "1.5 quart"},
{"thumb": "http://i4.peapod.com/c/KK/KKNHZ.gif", "price": "359", "unit_price": "$.45/ ea", "name": "Tofutti Cuties Frozen Dessert Sandwiches Vanilla Snack Size - 8 ct", "cnid": "1011", "productId": "42842", "size": "12 oz box"},
{"thumb": "http://i4.peapod.com/c/KK/KKNHZ.gif", "price": "599", "unit_price": "$.50/ ea", "name": "Weight Watchers Ice Cream Bars English Toffee Crunch - 12 ct", "cnid": "1011", "productId": "10857", "size": "21 oz box"},
{"thumb": "http://i4.peapod.com/c/KK/KKNHZ.gif", "price": "599", "unit_price": "$1.00/ ea", "name": "Weight Watchers Ice Cream Bars Giant Chocolate Fudge - 6 ct", "cnid": "1011", "productId": "132359", "size": "24 oz box"},
{"thumb": "http://i4.peapod.com/c/KK/KKNHZ.gif", "price": "599", "unit_price": "$1.00/ ea", "name": "Weight Watchers Ice Cream Candy Bars - 6 ct", "cnid": "1011", "productId": "154797", "size": "12 oz box"},
{"thumb": "http://i4.peapod.com/c/KK/KKNHZ.gif", "price": "599", "unit_price": "$1.50/ ea", "name": "Weight Watchers Ice Cream Cones Giant Chocolate Fudge Sundae - 4 ct", "cnid": "1011", "productId": "154965", "size": "16 oz box"},
{"thumb": "http://i4.peapod.com/c/KK/KKNHZ.gif", "price": "599", "unit_price": "$1.00/ ea", "name": "Weight Watchers Ice Cream Sandwiches Giant Vanilla - 6 ct", "cnid": "1011", "productId": "156043", "size": "24 oz box"},
{"thumb": "http://i4.peapod.com/c/KK/KKNHZ.gif", "price": "299", "unit_price": "$.30/ lb", "name": "Ice Cubes", "cnid": "1010", "productId": "1469", "size": "10 lb bag"},
{"thumb": "http://i4.peapod.com/c/KK/KKNHZ.gif", "price": "299", "unit_price": "$.22/ oz", "name": "Alexia Onion Rings Crispy Golden with Sea Salt All Natural", "cnid": "1043", "productId": "143658", "size": "13.5 oz bag"},
{"thumb": "http://i4.peapod.com/c/KK/KKNHZ.gif", "price": "299", "unit_price": "$.15/ oz", "name": "Alexia Sweet Potato Julienne Fries Family Size All Natural", "cnid": "1043", "productId": "162832", "size": "20 oz bag"},
{"thumb": "http://i4.peapod.com/c/KK/KKNHZ.gif", "price": "299", "unit_price": "$.15/ oz", "name": "Alexia Sweet Potato Spicy Julienne Fries w/Chipotle Seasoning All Natural", "cnid": "1043", "productId": "163136", "size": "20 oz bag"},
{"thumb": "http://i4.peapod.com/c/KK/KKNHZ.gif", "price": "250", "unit_price": "$.18/ oz", "name": "Birds Eye Broccoli Florets Baby", "cnid": "1043", "productId": "77467", "size": "14 oz bag"},
{"thumb": "http://i4.peapod.com/c/KK/KKNHZ.gif", "price": "200", "unit_price": "$.12/ oz", "name": "Birds Eye Corn Sweet Young & Tender", "cnid": "1043", "productId": "5902", "size": "16 oz bag"},
{"thumb": "http://i4.peapod.com/c/KK/KKNHZ.gif", "price": "250", "unit_price": "$.16/ oz", "name": "Birds Eye Deluxe Baby Corn Gold & White", "cnid": "1043", "productId": "77464", "size": "16 oz bag"},
{"thumb": "http://i4.peapod.com/c/KK/KKNHZ.gif", "price": "250", "unit_price": "$.16/ oz", "name": "Birds Eye Deluxe Onions White Pearl", "cnid": "1043", "productId": "153289", "size": "16 oz bag"},
{"thumb": "http://i4.peapod.com/c/KK/KKNHZ.gif", "price": "200", "unit_price": "$.22/ oz", "name": "Birds Eye Green Beans & Spaetzle Pasta in a Bavarian Style Sauce", "cnid": "1043", "productId": "5914", "size": "9 oz box"},
{"thumb": "http://i4.peapod.com/c/KK/KKNHZ.gif", "price": "250", "unit_price": "$.17/ oz", "name": "Birds Eye Peas Sweet Baby", "cnid": "1043", "productId": "77465", "size": "14.4 oz bag"},
{"thumb": "http://i4.peapod.com/c/KK/KKNHZ.gif", "price": "200", "unit_price": "$.22/ oz", "name": "Birds Eye Spinach Creamed", "cnid": "1043", "productId": "163052", "size": "9 oz box"},
{"thumb": "http://i4.peapod.com/c/KK/KKNHZ.gif", "price": "250", "unit_price": "$.21/ oz", "name": "Birds Eye Steamfresh Broccoli, Carrots, Sugar Snap Peas & Water Chestnuts", "cnid": "1043", "productId": "144387", "size": "12 oz bag"},
{"thumb": "http://i4.peapod.com/c/KK/KKNHZ.gif", "price": "250", "unit_price": "$.21/ oz", "name": "Birds Eye Steamfresh Broccoli, Cauliflower & Carrots", "cnid": "1043", "productId": "142378", "size": "12 oz bag"},
{"thumb": "http://i4.peapod.com/c/KK/KKNHZ.gif", "price": "250", "unit_price": "$.21/ oz", "name": "Birds Eye Steamfresh Broccoli & Cauliflower", "cnid": "1043", "productId": "163048", "size": "12 oz bag"},
{"thumb": "http://i4.peapod.com/c/KK/KKNHZ.gif", "price": "200", "unit_price": "$.17/ oz", "name": "Birds Eye Steamfresh Broccoli Cuts", "cnid": "1043", "productId": "140211", "size": "12 oz bag"},
{"thumb": "http://i4.peapod.com/c/KK/KKNHZ.gif", "price": "250", "unit_price": "$.21/ oz", "name": "Birds Eye Steamfresh Chef's Favorites Asian Medley Lightly Seasoned", "cnid": "1043", "productId": "142699", "size": "12 oz bag"},
{"thumb": "http://i4.peapod.com/c/KK/KKNHZ.gif", "price": "200", "unit_price": "$.17/ oz", "name": "Birds Eye Steamfresh Corn Super Sweet", "cnid": "1043", "productId": "140212", "size": "12 oz bag"},
{"thumb": "http://i4.peapod.com/c/KK/KKNHZ.gif", "price": "200", "unit_price": "$.17/ oz", "name": "Birds Eye Steamfresh Mixed Vegetables", "cnid": "1043", "productId": "149859", "size": "12 oz bag"},
{"thumb": "http://i4.peapod.com/c/KK/KKNHZ.gif", "price": "200", "unit_price": "$.17/ oz", "name": "Birds Eye Steamfresh Peas Sweet", "cnid": "1043", "productId": "140213", "size": "12 oz bag"},
{"thumb": "http://i4.peapod.com/c/KK/KKNHZ.gif", "price": "250", "unit_price": "$.21/ oz", "name": "Birds Eye Steamfresh Premium Selects Broccoli Florets", "cnid": "1043", "productId": "145637", "size": "12 oz bag"},
{"thumb": "http://i4.peapod.com/c/KK/KKNHZ.gif", "price": "250", "unit_price": "$.25/ oz", "name": "Birds Eye Steamfresh Premium Selects Corn Gold & White", "cnid": "1043", "productId": "148844", "size": "10 oz bag"},
{"thumb": "http://i4.peapod.com/c/KK/KKNHZ.gif", "price": "250", "unit_price": "$.21/ oz", "name": "Birds Eye Steamfresh Premium Selects Green Beans Whole All Natural", "cnid": "1043", "productId": "145638", "size": "12 oz bag"},
{"thumb": "http://i4.peapod.com/c/KK/KKNHZ.gif", "price": "250", "unit_price": "$.16/ oz", "name": "Birds Eye Stir-Fry Vegetables Green Bean Stir-Fry", "cnid": "1043", "productId": "163040", "size": "16 oz bag"},
{"thumb": "http://i4.peapod.com/c/KK/KKNHZ.gif", "price": "250", "unit_price": "$.16/ oz", "name": "Birds Eye Stir-Fry Vegetables Pepper Stir-Fry", "cnid": "1043", "productId": "163039", "size": "16 oz bag"},
{"thumb": "http://i4.peapod.com/c/KK/KKNHZ.gif", "price": "200", "unit_price": "$.12/ oz", "name": "Birds Eye Vegetables Mixed", "cnid": "1043", "productId": "15690", "size": "16 oz bag"},
{"thumb": "http://i4.peapod.com/c/KK/KKNHZ.gif", "price": "250", "unit_price": "$.16/ oz", "name": "Cascadian Farm Broccoli Cuts Organic", "cnid": "1043", "productId": "140060", "size": "16 oz bag"},
{"thumb": "http://i4.peapod.com/c/KK/KKNHZ.gif", "price": "259", "unit_price": "$.26/ oz", "name": "Cascadian Farm Corn Sweet Organic", "cnid": "1043", "productId": "81588", "size": "10 oz bag"},
{"thumb": "http://i4.peapod.com/c/KK/KKNHZ.gif", "price": "259", "unit_price": "$.26/ oz", "name": "Cascadian Farm Edamame Soybeans Organic Shelled", "cnid": "1043", "productId": "132350", "size": "10 oz bag"},
{"thumb": "http://i4.peapod.com/c/KK/KKNHZ.gif", "price": "239", "unit_price": "$.24/ oz", "name": "Cascadian Farm Garden Peas Organic", "cnid": "1043", "productId": "81591", "size": "10 oz bag"},
{"thumb": "http://i4.peapod.com/c/KK/KKNHZ.gif", "price": "299", "unit_price": "$.19/ oz", "name": "Cascadian Farm Mixed Veggies Organic", "cnid": "1043", "productId": "138122", "size": "16 oz bag"},
{"thumb": "http://i4.peapod.com/c/KK/KKNHZ.gif", "price": "399", "unit_price": "$.33/ oz", "name": "Dr. Praeger's Bombay Spinach Pancakes All Natural - 6 ct", "cnid": "1043", "productId": "133857", "size": "12 oz box"},
{"thumb": "http://i4.peapod.com/c/KK/KKNHZ.gif", "price": "399", "unit_price": "$.38/ oz", "name": "Golden Potato Pancakes Traditional Latke - 8 ct", "cnid": "1043", "productId": "89991", "size": "10.6 oz box"},
{"thumb": "http://i4.peapod.com/c/KK/KKNHZ.gif", "price": "399", "unit_price": "$.38/ oz", "name": "Golden Sweet Potato Pancakes Traditional Latke All Natural - 8 ct", "cnid": "1043", "productId": "156050", "size": "10.6 oz box"},
{"thumb": "http://i4.peapod.com/c/KK/KKNHZ.gif", "price": "167", "unit_price": "$.17/ oz", "name": "Green Giant Baby Brussels Sprouts & Butter Sauce", "cnid": "1043", "productId": "1607", "size": "10 oz box"},
{"thumb": "http://i4.peapod.com/c/KK/KKNHZ.gif", "price": "167", "unit_price": "$.17/ oz", "name": "Green Giant Baby Vegetable Medley Seasoned", "cnid": "1043", "productId": "153439", "size": "10 oz box"},
{"thumb": "http://i4.peapod.com/c/KK/KKNHZ.gif", "price": "167", "unit_price": "$.19/ oz", "name": "Green Giant Broccoli Cuts No Sauce", "cnid": "1043", "productId": "15106", "size": "9 oz box"},
{"thumb": "http://i4.peapod.com/c/KK/KKNHZ.gif", "price": "167", "unit_price": "$.17/ oz", "name": "Green Giant Broccoli in Cheese", "cnid": "1043", "productId": "1609", "size": "10 oz box"},
{"thumb": "http://i4.peapod.com/c/KK/KKNHZ.gif", "price": "167", "unit_price": "$.17/ oz", "name": "Green Giant Corn Niblets in Butter", "cnid": "1043", "productId": "1605", "size": "10 oz box"},
{"thumb": "http://i4.peapod.com/c/KK/KKNHZ.gif", "price": "167", "unit_price": "$.19/ oz", "name": "Green Giant Corn Niblets No Sauce", "cnid": "1043", "productId": "1637", "size": "9 oz box"},
{"thumb": "http://i4.peapod.com/c/KK/KKNHZ.gif", "price": "167", "unit_price": "$.17/ oz", "name": "Green Giant Corn Shoepeg White & Butter Sauce", "cnid": "1043", "productId": "1602", "size": "10 oz box"},
{"thumb": "http://i4.peapod.com/c/KK/KKNHZ.gif", "price": "167", "unit_price": "$.24/ oz", "name": "Green Giant Digestive Health Mix", "cnid": "1043", "productId": "163859", "size": "7 oz box"},
{"thumb": "http://i4.peapod.com/c/KK/KKNHZ.gif", "price": "167", "unit_price": "$.19/ oz", "name": "Green Giant Green Bean Casserole", "cnid": "1043", "productId": "72814", "size": "9 oz box"},
{"thumb": "http://i4.peapod.com/c/KK/KKNHZ.gif", "price": "167", "unit_price": "$.22/ oz", "name": "Green Giant Green Beans & Almonds", "cnid": "1043", "productId": "43283", "size": "7.5 oz box"},
{"thumb": "http://i4.peapod.com/c/KK/KKNHZ.gif", "price": "167", "unit_price": "$.24/ oz", "name": "Green Giant Immunity Boost Blend (Broccoli, Carrots & Peppers)", "cnid": "1043", "productId": "146126", "size": "7 oz box"},
{"thumb": "http://i4.peapod.com/c/KK/KKNHZ.gif", "price": "379", "unit_price": "$.95/ ea", "name": "Green Giant Just for One Cauliflower & Cheese Sauce", "cnid": "1043", "productId": "175475", "size": "4 ct pkg"},
{"thumb": "http://i4.peapod.com/c/KK/KKNHZ.gif", "price": "167", "unit_price": "$.17/ oz", "name": "Green Giant Peas Sweet Baby in Butter Sauce", "cnid": "1043", "productId": "1604", "size": "10 oz box"},
{"thumb": "http://i4.peapod.com/c/KK/KKNHZ.gif", "price": "167", "unit_price": "$.19/ oz", "name": "Green Giant Peas Sweet Baby No Sauce", "cnid": "1043", "productId": "15108", "size": "9 oz box"},
{"thumb": "http://i4.peapod.com/c/KK/KKNHZ.gif", "price": "167", "unit_price": "$.19/ oz", "name": "Green Giant Potatoes Roasted with Garlic & Herbs", "cnid": "1043", "productId": "122934", "size": "9 oz box"},
{"thumb": "http://i4.peapod.com/c/KK/KKNHZ.gif", "price": "167", "unit_price": "$.19/ oz", "name": "Green Giant Simply Steam Peas Sugar Snap", "cnid": "1043", "productId": "10992", "size": "9 oz box"},
{"thumb": "http://i4.peapod.com/c/KK/KKNHZ.gif", "price": "167", "unit_price": "$.19/ oz", "name": "Green Giant Spinach Chopped", "cnid": "1043", "productId": "1639", "size": "9 oz box"},
{"thumb": "http://i4.peapod.com/c/KK/KKNHZ.gif", "price": "269", "unit_price": "$.22/ oz", "name": "Green Giant Valley Fresh Steamers Vegetable Garden Medley", "cnid": "1043", "productId": "155758", "size": "12 oz bag"},
{"thumb": "http://i4.peapod.com/c/KK/KKNHZ.gif", "price": "167", "unit_price": "$.19/ oz", "name": "Green Giant Vegetables Teriyaki (Broccoli, Carrots & Cauliflower)", "cnid": "1043", "productId": "88361", "size": "9 oz box"},
{"thumb": "http://i4.peapod.com/c/KK/KKNHZ.gif", "price": "349", "unit_price": "$.13/ oz", "name": "McCain Potatoes Smiles Crispy Outside, Mashed Inside All Natural", "cnid": "1043", "productId": "132093", "size": "26 oz bag"},
{"thumb": "http://i4.peapod.com/c/KK/KKNHZ.gif", "price": "299", "unit_price": "$.19/ oz", "name": "Nature's Promise Organics Broccoli Florets", "cnid": "1043", "productId": "143370", "size": "16 oz bag"},
{"thumb": "http://i4.peapod.com/c/KK/KKNHZ.gif", "price": "399", "unit_price": "$.20/ oz", "name": "Ore-Ida Crispers! Potatoes Crispy Shaped", "cnid": "1043", "productId": "635", "size": "20 oz bag"},
{"thumb": "http://i4.peapod.com/c/KK/KKNHZ.gif", "price": "399", "unit_price": "$.13/ oz", "name": "Ore-Ida Crispy Crowns! Potatoes Shredded Seasoned", "cnid": "1043", "productId": "609", "size": "30 oz bag"},
{"thumb": "http://i4.peapod.com/c/KK/KKNHZ.gif", "price": "399", "unit_price": "$.12/ oz", "name": "Ore-Ida Crispy Crunchies! French Fries Battered Seasoned", "cnid": "1043", "productId": "163036", "size": "32 oz bag"},
{"thumb": "http://i4.peapod.com/c/KK/KKNHZ.gif", "price": "100", "unit_price": "$.23/ oz", "name": "Ore-Ida Easy Fries Extra Crispy Potatoes French Fried Microwave Ready", "cnid": "1043", "productId": "135302", "size": "4.25 oz box"},
{"thumb": "http://i4.peapod.com/c/KK/KKNHZ.gif", "price": "399", "unit_price": "$.15/ oz", "name": "Ore-Ida Fast Food FriesExtra Crispy", "cnid": "1043", "productId": "41055", "size": "26 oz bag"},
{"thumb": "http://i4.peapod.com/c/KK/KKNHZ.gif", "price": "399", "unit_price": "$.13/ oz", "name": "Ore-Ida Hash Browns Country Style", "cnid": "1043", "productId": "19693", "size": "30 oz bag"},
{"thumb": "http://i4.peapod.com/c/KK/KKNHZ.gif", "price": "399", "unit_price": "$.12/ oz", "name": "Ore-Ida Potatoes French Fries Golden Crinkles", "cnid": "1043", "productId": "612", "size": "32 oz bag"},
{"thumb": "http://i4.peapod.com/c/KK/KKNHZ.gif", "price": "399", "unit_price": "$.14/ oz", "name": "Ore-Ida Potatoes French Fries Shoestring", "cnid": "1043", "productId": "91743", "size": "28 oz bag"},
{"thumb": "http://i4.peapod.com/c/KK/KKNHZ.gif", "price": "399", "unit_price": "$.12/ oz", "name": "Ore-Ida Potatoes Golden Fries", "cnid": "1043", "productId": "611", "size": "32 oz bag"},
{"thumb": "http://i4.peapod.com/c/KK/KKNHZ.gif", "price": "399", "unit_price": "$.14/ oz", "name": "Ore-Ida Potatoes Steak Fries", "cnid": "1043", "productId": "30289", "size": "28 oz bag"},
{"thumb": "http://i4.peapod.com/c/KK/KKNHZ.gif", "price": "300", "unit_price": "$.12/ oz", "name": "Ore-Ida Steam n' Mash Potatoes Russet Cut", "cnid": "1043", "productId": "152621", "size": "24 oz bag"},
{"thumb": "http://i4.peapod.com/c/KK/KKNHZ.gif", "price": "399", "unit_price": "$.21/ oz", "name": "Ore-Ida Sweet Potato Fries", "cnid": "1043", "productId": "158834", "size": "19 oz bag"},
{"thumb": "http://i4.peapod.com/c/KK/KKNHZ.gif", "price": "399", "unit_price": "$.12/ oz", "name": "Ore-Ida Tater Tots Seasoned", "cnid": "1043", "productId": "608", "size": "32 oz bag"},
{"thumb": "http://i4.peapod.com/c/KK/KKNHZ.gif", "price": "250", "unit_price": "$.18/ oz", "name": "Seapoint Farms Edamame Soybeans in Pods Lightly Salted", "cnid": "1043", "productId": "146538", "size": "14 oz bag"},
{"thumb": "http://i4.peapod.com/c/KK/KKNHZ.gif", "price": "250", "unit_price": "$.21/ oz", "name": "Seapoint Farms Edamame Soybeans in Pods Natural", "cnid": "1043", "productId": "146534", "size": "12 oz bag"},
{"thumb": "http://i4.peapod.com/c/KK/KKNHZ.gif", "price": "250", "unit_price": "$.21/ oz", "name": "Seapoint Farms Edamame Soybeans Shelled Natural", "cnid": "1043", "productId": "146535", "size": "12 oz bag"},
{"thumb": "http://i4.peapod.com/c/KK/KKNHZ.gif", "price": "229", "unit_price": "$.19/ oz", "name": "Southland Squash Butternut", "cnid": "1043", "productId": "37185", "size": "12 oz box"},
{"thumb": "http://i4.peapod.com/c/KK/KKNHZ.gif", "price": "229", "unit_price": "$.19/ oz", "name": "Southland Turnips Yellow Chopped", "cnid": "1043", "productId": "164801", "size": "12 oz box"},
{"thumb": "http://i4.peapod.com/c/KK/KKNHZ.gif", "price": "125", "unit_price": "$.08/ oz", "name": "Stop & Shop Broccoli, Cauliflower & Carrots All Natural", "cnid": "1043", "productId": "57417", "size": "16 oz bag"},
{"thumb": "http://i4.peapod.com/c/KK/KKNHZ.gif", "price": "125", "unit_price": "$.08/ oz", "name": "Stop & Shop Broccoli & Cauliflower All Natural", "cnid": "1043", "productId": "57415", "size": "16 oz bag"},
{"thumb": "http://i4.peapod.com/c/KK/KKNHZ.gif", "price": "250", "unit_price": "$.08/ oz", "name": "Stop & Shop Broccoli Cuts All Natural", "cnid": "1043", "productId": "57412", "size": "32 oz bag"},
{"thumb": "http://i4.peapod.com/c/KK/KKNHZ.gif", "price": "100", "unit_price": "$.06/ oz", "name": "Stop & Shop Broccoli Cuts All Natural", "cnid": "1043", "productId": "57420", "size": "16 oz bag"},
{"thumb": "http://i4.peapod.com/c/KK/KKNHZ.gif", "price": "125", "unit_price": "$.08/ oz", "name": "Stop & Shop Broccoli Florets All Natural", "cnid": "1043", "productId": "126186", "size": "16 oz bag"},
{"thumb": "http://i4.peapod.com/c/KK/KKNHZ.gif", "price": "125", "unit_price": "$.08/ oz", "name": "Stop & Shop Brussels Sprouts All Natural", "cnid": "1043", "productId": "57426", "size": "16 oz bag"},
{"thumb": "http://i4.peapod.com/c/KK/KKNHZ.gif", "price": "100", "unit_price": "$.06/ oz", "name": "Stop & Shop Carrots Crinkle Cut All Natural", "cnid": "1043", "productId": "57430", "size": "16 oz bag"},
{"thumb": "http://i4.peapod.com/c/KK/KKNHZ.gif", "price": "100", "unit_price": "$.06/ oz", "name": "Stop & Shop Cauliflower All Natural", "cnid": "1043", "productId": "57427", "size": "16 oz bag"},
{"thumb": "http://i4.peapod.com/c/KK/KKNHZ.gif", "price": "299", "unit_price": "$.09/ oz", "name": "Stop & Shop French Fried Potatoes Straight Cut", "cnid": "1043", "productId": "57366", "size": "32 oz bag"},
{"thumb": "http://i4.peapod.com/c/KK/KKNHZ.gif", "price": "250", "unit_price": "$.08/ oz", "name": "Stop & Shop Green Beans Cut All Natural", "cnid": "1043", "productId": "57409", "size": "32 oz bag"},
{"thumb": "http://i4.peapod.com/c/KK/KKNHZ.gif", "price": "100", "unit_price": "$.06/ oz", "name": "Stop & Shop Green Beans Cut All Natural", "cnid": "1043", "productId": "57408", "size": "16 oz bag"},
{"thumb": "http://i4.peapod.com/c/KK/KKNHZ.gif", "price": "125", "unit_price": "$.08/ oz", "name": "Stop & Shop Green Beans French Style All Natural", "cnid": "1043", "productId": "57400", "size": "16 oz bag"},
{"thumb": "http://i4.peapod.com/c/KK/KKNHZ.gif", "price": "125", "unit_price": "$.08/ oz", "name": "Stop & Shop Green Beans Whole Blue Lake All Natural", "cnid": "1043", "productId": "57399", "size": "16 oz bag"},
{"thumb": "http://i4.peapod.com/c/KK/KKNHZ.gif", "price": "299", "unit_price": "$.13/ oz", "name": "Stop & Shop Hash Browns Patties - 10 ct", "cnid": "1043", "productId": "161970", "size": "22.5 oz box"},
{"thumb": "http://i4.peapod.com/c/KK/KKNHZ.gif", "price": "125", "unit_price": "$.08/ oz", "name": "Stop & Shop Lima Beans Baby All Natural", "cnid": "1043", "productId": "57424", "size": "16 oz bag"},
{"thumb": "http://i4.peapod.com/c/KK/KKNHZ.gif", "price": "100", "unit_price": "$.08/ oz", "name": "Stop & Shop Onions Chopped All Natural", "cnid": "1043", "productId": "57418", "size": "12 oz bag"},
{"thumb": "http://i4.peapod.com/c/KK/KKNHZ.gif", "price": "125", "unit_price": "$.08/ oz", "name": "Stop & Shop Peas & Carrots All Natural", "cnid": "1043", "productId": "57405", "size": "16 oz bag"},
{"thumb": "http://i4.peapod.com/c/KK/KKNHZ.gif", "price": "125", "unit_price": "$.08/ oz", "name": "Stop & Shop Peas Green Petite All Natural", "cnid": "1043", "productId": "57425", "size": "16 oz bag"},
{"thumb": "http://i4.peapod.com/c/KK/KKNHZ.gif", "price": "125", "unit_price": "$.08/ oz", "name": "Stop & Shop Pepper Strips Mixed All Natural", "cnid": "1043", "productId": "75047", "size": "16 oz bag"},
{"thumb": "http://i4.peapod.com/c/KK/KKNHZ.gif", "price": "125", "unit_price": "$.08/ oz", "name": "Stop & Shop Spinach Chopped All Natural", "cnid": "1043", "productId": "138787", "size": "16 oz bag"},
{"thumb": "http://i4.peapod.com/c/KK/KKNHZ.gif", "price": "125", "unit_price": "$.08/ oz", "name": "Stop & Shop Spinach Leaf Cut All Natural", "cnid": "1043", "productId": "57411", "size": "16 oz bag"},
{"thumb": "http://i4.peapod.com/c/KK/KKNHZ.gif", "price": "125", "unit_price": "$.10/ oz", "name": "Stop & Shop SteamReady Edamame in Pod All Natural", "cnid": "1043", "productId": "161257", "size": "12 oz bag"},
{"thumb": "http://i4.peapod.com/c/KK/KKNHZ.gif", "price": "100", "unit_price": "$.06/ oz", "name": "Stop & Shop Sweet Corn Whole Kernel All Natural", "cnid": "1043", "productId": "57406", "size": "16 oz bag"},
{"thumb": "http://i4.peapod.com/c/KK/KKNHZ.gif", "price": "250", "unit_price": "$.08/ oz", "name": "Stop & Shop Sweet Corn Whole Kernel All Natural", "cnid": "1043", "productId": "57407", "size": "32 oz bag"},
{"thumb": "http://i4.peapod.com/c/KK/KKNHZ.gif", "price": "250", "unit_price": "$.08/ oz", "name": "Stop & Shop Vegetables Mixed All Natural", "cnid": "1043", "productId": "57410", "size": "32 oz bag"},
{"thumb": "http://i4.peapod.com/c/KK/KKNHZ.gif", "price": "100", "unit_price": "$.06/ oz", "name": "Stop & Shop Vegetables Mixed All Natural", "cnid": "1043", "productId": "57414", "size": "16 oz bag"},
{"thumb": "http://i4.peapod.com/c/KK/KKNHZ.gif", "price": "125", "unit_price": "$.08/ oz", "name": "Stop & Shop Zucchini Sliced All Natural", "cnid": "1043", "productId": "161500", "size": "16 oz bag"},
{"thumb": "http://i4.peapod.com/c/KK/KKNHZ.gif", "price": "679", "unit_price": "$.52/ oz", "name": "Amy's Pizza Cheese Frozen", "cnid": "1041", "productId": "76530", "size": "13 oz box"},
{"thumb": "http://i4.peapod.com/c/KK/KKNHZ.gif", "price": "799", "unit_price": "$.62/ oz", "name": "Amy's Pizza Margherita Thin Crust Organic Frozen", "cnid": "1041", "productId": "154770", "size": "13 oz box"},
{"thumb": "http://i4.peapod.com/c/KK/KKNHZ.gif", "price": "839", "unit_price": "$.62/ oz", "name": "Amy's Pizza Pesto Organic Frozen", "cnid": "1041", "productId": "96078", "size": "13.5 oz box"},
{"thumb": "http://i4.peapod.com/c/KK/KKNHZ.gif", "price": "799", "unit_price": "$.67/ oz", "name": "Amy's Pizza Roasted Vegetable No Cheese Organic Frozen", "cnid": "1041", "productId": "80092", "size": "12 oz box"},
{"thumb": "http://i4.peapod.com/c/KK/KKNHZ.gif", "price": "679", "unit_price": "$.49/ oz", "name": "Amy's Pizza Spinach Organic Frozen", "cnid": "1041", "productId": "96072", "size": "14 oz box"},
{"thumb": "http://i4.peapod.com/c/KK/KKNHZ.gif", "price": "125", "unit_price": "$.21/ oz", "name": "Celeste Pizza For One Deluxe Thin Crust Frozen", "cnid": "1041", "productId": "2847", "size": "5.9 oz box"},
{"thumb": "http://i4.peapod.com/c/KK/KKNHZ.gif", "price": "125", "unit_price": "$.22/ oz", "name": "Celeste Pizza For One Original Four Cheese Thin Crust Frozen", "cnid": "1041", "productId": "64936", "size": "5.74 oz box"},
{"thumb": "http://i4.peapod.com/c/KK/KKNHZ.gif", "price": "125", "unit_price": "$.22/ oz", "name": "Celeste Pizza For One Original Thin Crust Frozen", "cnid": "1041", "productId": "2849", "size": "5.58 oz box"},
{"thumb": "http://i4.peapod.com/c/KK/KKNHZ.gif", "price": "125", "unit_price": "$.25/ oz", "name": "Celeste Pizza For One Pepperoni Thin Crust Frozen", "cnid": "1041", "productId": "19164", "size": "5 oz box"},
{"thumb": "http://i4.peapod.com/c/KK/KKNHZ.gif", "price": "125", "unit_price": "$.19/ oz", "name": "Celeste Pizza For One Sausage & Pepperoni Thin Crust Frozen", "cnid": "1041", "productId": "126122", "size": "6.51 oz box"},
{"thumb": "http://i4.peapod.com/c/KK/KKNHZ.gif", "price": "125", "unit_price": "$.22/ oz", "name": "Celeste Pizza For One Vegetable Thin Crust Frozen", "cnid": "1041", "productId": "74489", "size": "5.6 oz box"},
{"thumb": "http://i4.peapod.com/c/KK/KKNHZ.gif", "price": "125", "unit_price": "$.22/ oz", "name": "Celeste Pizza For One Zesty Four Cheeses Thin Crust Frozen", "cnid": "1041", "productId": "11581", "size": "5.74 oz box"},
{"thumb": "http://i4.peapod.com/c/KK/KKNHZ.gif", "price": "849", "unit_price": "$.30/ oz", "name": "DiGiorno Pizza Four Cheese Rising Crust Frozen", "cnid": "1041", "productId": "45027", "size": "28.2 oz box"},
{"thumb": "http://i4.peapod.com/c/KK/KKNHZ.gif", "price": "849", "unit_price": "$.31/ oz", "name": "DiGiorno Pizza Pepperoni Rising Crust Frozen", "cnid": "1041", "productId": "45025", "size": "27.5 oz box"},
{"thumb": "http://i4.peapod.com/c/KK/KKNHZ.gif", "price": "599", "unit_price": "$.18/ oz", "name": "DiGiorno Pizza Supreme & Boneless Wyngz Honey BBQ Frozen", "cnid": "1041", "productId": "162874", "size": "33.6 oz box"},
{"thumb": "http://i4.peapod.com/c/KK/KKNHZ.gif", "price": "849", "unit_price": "$.26/ oz", "name": "DiGiorno Pizza Supreme Rising Crust Frozen", "cnid": "1041", "productId": "45026", "size": "32.7 oz box"},
{"thumb": "http://i4.peapod.com/c/KK/KKNHZ.gif", "price": "935", "unit_price": "$.14/ oz", "name": "Ellio's Pizza Cheese - 27 ct Frozen", "cnid": "1041", "productId": "122815", "size": "64.8 oz box"},
{"thumb": "http://i4.peapod.com/c/KK/KKNHZ.gif", "price": "329", "unit_price": "$.15/ oz", "name": "Ellio's Pizza Cheese - 9 ct Frozen", "cnid": "1041", "productId": "62510", "size": "21.7 oz box"},
{"thumb": "http://i4.peapod.com/c/KK/KKNHZ.gif", "price": "329", "unit_price": "$.15/ oz", "name": "Ellio's Pizza Pepperoni - 9 ct Frozen", "cnid": "1041", "productId": "134871", "size": "21.7 oz box"},
{"thumb": "http://i4.peapod.com/c/KK/KKNHZ.gif", "price": "499", "unit_price": "$.81/ oz", "name": "Glutino Pizza Duo Cheese Brown Rice Crust Gluten Free Frozen", "cnid": "1041", "productId": "149799", "size": "6.2 oz box"},
{"thumb": "http://i4.peapod.com/c/KK/KKNHZ.gif", "price": "599", "unit_price": "$.50/ oz", "name": "Kashi Pizza Margherita Thin Crust Vegetarian All Natural Frozen", "cnid": "1041", "productId": "148505", "size": "11.9 oz box"},
{"thumb": "http://i4.peapod.com/c/KK/KKNHZ.gif", "price": "599", "unit_price": "$.47/ oz", "name": "Kashi Pizza Mediterranean Thin Crust Vegetarian All Natural Frozen", "cnid": "1041", "productId": "146390", "size": "12.7 oz box"},
{"thumb": "http://i4.peapod.com/c/KK/KKNHZ.gif", "price": "599", "unit_price": "$.50/ oz", "name": "Kashi Pizza Mushroom Trio & Spinach Thin Crust Vegetarian Natural Frozen", "cnid": "1041", "productId": "148504", "size": "11.9 oz box"},
{"thumb": "http://i4.peapod.com/c/KK/KKNHZ.gif", "price": "599", "unit_price": "$.49/ oz", "name": "Kashi Pizza Roasted Vegetable Thin Crust Vegetarian All Natural Frozen", "cnid": "1041", "productId": "148506", "size": "12.2 oz box"},
{"thumb": "http://i4.peapod.com/c/KK/KKNHZ.gif", "price": "369", "unit_price": "$.62/ oz", "name": "Lean Cuisine Culinary Collection Pizza Margherita Wood Fire Style", "cnid": "1041", "productId": "135337", "size": "6 oz box"},
{"thumb": "http://i4.peapod.com/c/KK/KKNHZ.gif", "price": "369", "unit_price": "$.62/ oz", "name": "Lean Cuisine Culinary Collection Pizza Pepperoni Traditional", "cnid": "1041", "productId": "150312", "size": "6 oz box"},
{"thumb": "http://i4.peapod.com/c/KK/KKNHZ.gif", "price": "369", "unit_price": "$.60/ oz", "name": "Lean Cuisine Culinary Collection Pizza Spinach & Mushroom Deep Dish", "cnid": "1041", "productId": "135339", "size": "6.12 oz box"},
{"thumb": "http://i4.peapod.com/c/KK/KKNHZ.gif", "price": "450", "unit_price": "$.33/ oz", "name": "Nature's Promise Organics Pizza Cheese Thin Crust Frozen", "cnid": "1041", "productId": "154780", "size": "13.7 oz box"},
{"thumb": "http://i4.peapod.com/c/KK/KKNHZ.gif", "price": "450", "unit_price": "$.28/ oz", "name": "Nature's Promise Organics Pizza Vegetable Thin Crust Frozen", "cnid": "1041", "productId": "154783", "size": "16.2 oz box"},
{"thumb": "http://i4.peapod.com/c/KK/KKNHZ.gif", "price": "719", "unit_price": "$.54/ oz", "name": "Newman's Own Pizza Four Cheese All Natural Thin & Crispy Frozen", "cnid": "1041", "productId": "161262", "size": "13.3 oz box"},
{"thumb": "http://i4.peapod.com/c/KK/KKNHZ.gif", "price": "759", "unit_price": "$.12/ oz", "name": "Stop & Shop Pizza Cheese Slices - 27 ct Frozen", "cnid": "1041", "productId": "164724", "size": "65.2 oz box"},
{"thumb": "http://i4.peapod.com/c/KK/KKNHZ.gif", "price": "350", "unit_price": "$.34/ oz", "name": "Stouffer's French Bread Pizza Cheese - 2 ct Frozen", "cnid": "1041", "productId": "717", "size": "10.3 oz box"},
{"thumb": "http://i4.peapod.com/c/KK/KKNHZ.gif", "price": "350", "unit_price": "$.28/ oz", "name": "Stouffer's French Bread Pizza Deluxe - 2 ct Frozen", "cnid": "1041", "productId": "720", "size": "12.3 oz box"},
{"thumb": "http://i4.peapod.com/c/KK/KKNHZ.gif", "price": "350", "unit_price": "$.30/ oz", "name": "Stouffer's French Bread Pizza Extra Cheese - 2 ct Frozen", "cnid": "1041", "productId": "29359", "size": "11.7 oz box"},
{"thumb": "http://i4.peapod.com/c/KK/KKNHZ.gif", "price": "350", "unit_price": "$.31/ oz", "name": "Stouffer's French Bread Pizza Pepperoni - 2 ct Frozen", "cnid": "1041", "productId": "20893", "size": "11.2 oz box"},
{"thumb": "http://i4.peapod.com/c/KK/KKNHZ.gif", "price": "459", "unit_price": "$.46/ oz", "name": "Amy's Bowls Brown Rice & Vegetables Organic", "cnid": "1035", "productId": "141973", "size": "10 oz box"},
{"thumb": "http://i4.peapod.com/c/KK/KKNHZ.gif", "price": "459", "unit_price": "$.48/ oz", "name": "Amy's Bowls Pesto Tortellini", "cnid": "1035", "productId": "137856", "size": "9.5 oz box"},
{"thumb": "http://i4.peapod.com/c/KK/KKNHZ.gif", "price": "279", "unit_price": "$.47/ oz", "name": "Amy's Burrito Beans & Rice Cheddar Cheese Organic", "cnid": "1035", "productId": "80525", "size": "6 oz pkg"},
{"thumb": "http://i4.peapod.com/c/KK/KKNHZ.gif", "price": "279", "unit_price": "$.47/ oz", "name": "Amy's Burrito Beans & Rice Organic", "cnid": "1035", "productId": "29245", "size": "6 oz pkg"},
{"thumb": "http://i4.peapod.com/c/KK/KKNHZ.gif", "price": "279", "unit_price": "$.47/ oz", "name": "Amy's Burrito Black Beans & Veggie Organic", "cnid": "1035", "productId": "96082", "size": "6 oz pkg"},
{"thumb": "http://i4.peapod.com/c/KK/KKNHZ.gif", "price": "299", "unit_price": "$.50/ oz", "name": "Amy's Burrito Especial (Black Beans, Rice & Tomatoes) Organic", "cnid": "1035", "productId": "154769", "size": "6 oz pkg"},
{"thumb": "http://i4.peapod.com/c/KK/KKNHZ.gif", "price": "429", "unit_price": "$.45/ oz", "name": "Amy's Entree Enchiladas Black Bean Vegetable Organic - 2 ct", "cnid": "1035", "productId": "137853", "size": "9.5 oz box"},
{"thumb": "http://i4.peapod.com/c/KK/KKNHZ.gif", "price": "429", "unit_price": "$.48/ oz", "name": "Amy's Entree Enchiladas Cheese - 2 ct", "cnid": "1035", "productId": "94107", "size": "9 oz box"},
{"thumb": "http://i4.peapod.com/c/KK/KKNHZ.gif", "price": "499", "unit_price": "$.50/ oz", "name": "Amy's Indian Mattar Paneer Gluten Free Organic", "cnid": "1035", "productId": "143549", "size": "10 oz box"},
{"thumb": "http://i4.peapod.com/c/KK/KKNHZ.gif", "price": "499", "unit_price": "$.50/ oz", "name": "Amy's Indian Meal Palak Paneer Organic", "cnid": "1035", "productId": "138296", "size": "10 oz box"},
{"thumb": "http://i4.peapod.com/c/KK/KKNHZ.gif", "price": "499", "unit_price": "$.48/ oz", "name": "Amy's Lasagna Garden Vegetable Gluten Free Organic", "cnid": "1035", "productId": "135247", "size": "10.3 oz box"},
{"thumb": "http://i4.peapod.com/c/KK/KKNHZ.gif", "price": "499", "unit_price": "$.52/ oz", "name": "Amy's Lasagna Vegetable", "cnid": "1035", "productId": "29240", "size": "9.5 oz box"},
{"thumb": "http://i4.peapod.com/c/KK/KKNHZ.gif", "price": "369", "unit_price": "$.41/ oz", "name": "Amy's Macaroni & Cheese Made with Organic Rice Pasta", "cnid": "1035", "productId": "145671", "size": "9 oz box"},
{"thumb": "http://i4.peapod.com/c/KK/KKNHZ.gif", "price": "349", "unit_price": "$.39/ oz", "name": "Amy's Macaroni & Cheese Organic", "cnid": "1035", "productId": "29242", "size": "9 oz box"},
{"thumb": "http://i4.peapod.com/c/KK/KKNHZ.gif", "price": "349", "unit_price": "$.39/ oz", "name": "Amy's Macaroni & Soy Cheeze", "cnid": "1035", "productId": "146688", "size": "9 oz box"},
{"thumb": "http://i4.peapod.com/c/KK/KKNHZ.gif", "price": "279", "unit_price": "$.62/ oz", "name": "Amy's Pocket Sandwich Pizza Cheese Organic", "cnid": "1035", "productId": "94105", "size": "4.5 oz box"},
{"thumb": "http://i4.peapod.com/c/KK/KKNHZ.gif", "price": "279", "unit_price": "$.62/ oz", "name": "Amy's Pocket Sandwich Spinach Feta Organic", "cnid": "1035", "productId": "80126", "size": "4.5 oz box"},
{"thumb": "http://i4.peapod.com/c/KK/KKNHZ.gif", "price": "499", "unit_price": "$.55/ oz", "name": "Amy's Whole Meals Enchilada Cheese with Corn & Beans Organic", "cnid": "1035", "productId": "44430", "size": "9 oz box"},
{"thumb": "http://i4.peapod.com/c/KK/KKNHZ.gif", "price": "499", "unit_price": "$.50/ oz", "name": "Amy's Whole Meals Enchilada with Spanish Rice & Beans", "cnid": "1035", "productId": "29236", "size": "10 oz box"},
{"thumb": "http://i4.peapod.com/c/KK/KKNHZ.gif", "price": "499", "unit_price": "$.50/ oz", "name": "Amy's Whole Meals Veggie Loaf with Mashed Potatoes & Vegetables", "cnid": "1035", "productId": "82234", "size": "10 oz box"},
{"thumb": "http://i4.peapod.com/c/KK/KKNHZ.gif", "price": "100", "unit_price": "$.15/ oz", "name": "Banquet Chicken Nugget Meal", "cnid": "1035", "productId": "13754", "size": "6.75 oz box"},
{"thumb": "http://i4.peapod.com/c/KK/KKNHZ.gif", "price": "100", "unit_price": "$.14/ oz", "name": "Banquet Pot Pie Chicken", "cnid": "1035", "productId": "2990", "size": "7 oz box"},
{"thumb": "http://i4.peapod.com/c/KK/KKNHZ.gif", "price": "100", "unit_price": "$.10/ oz", "name": "Banquet Salisbury Steak Meal", "cnid": "1035", "productId": "3000", "size": "9.5 oz box"},
{"thumb": "http://i4.peapod.com/c/KK/KKNHZ.gif", "price": "100", "unit_price": "$.11/ oz", "name": "Banquet Turkey Meal with Gravy & Dressing", "cnid": "1035", "productId": "2999", "size": "9.25 oz box"},
{"thumb": "http://i4.peapod.com/c/KK/KKNHZ.gif", "price": "599", "unit_price": "$.25/ oz", "name": "Bertolli Complete Skillet Meal for Two Chicken Alfredo & Penne", "cnid": "1035", "productId": "130424", "size": "24 oz pkg"},
{"thumb": "http://i4.peapod.com/c/KK/KKNHZ.gif", "price": "599", "unit_price": "$.25/ oz", "name": "Bertolli Mediterranean Style Skillet Chicken, Rigatoni & Broccoli", "cnid": "1035", "productId": "146344", "size": "24 oz pkg"},
{"thumb": "http://i4.peapod.com/c/KK/KKNHZ.gif", "price": "250", "unit_price": "$.25/ oz", "name": "Birds Eye Steamfresh Rice Southwestern Style All Natural", "cnid": "1035", "productId": "153425", "size": "10 oz bag"},
{"thumb": "http://i4.peapod.com/c/KK/KKNHZ.gif", "price": "200", "unit_price": "$.20/ oz", "name": "Birds Eye Steamfresh White Rice Long Grain w/Mixed Vegetables All Natural", "cnid": "1035", "productId": "148843", "size": "10 oz bag"},
{"thumb": "http://i4.peapod.com/c/KK/KKNHZ.gif", "price": "459", "unit_price": "$.21/ oz", "name": "Birds Eye Voila! Complete Meal Garlic Shrimp", "cnid": "1035", "productId": "113972", "size": "22 oz bag"},
{"thumb": "http://i4.peapod.com/c/KK/KKNHZ.gif", "price": "459", "unit_price": "$.21/ oz", "name": "Birds Eye Voila! Complete Meal Sweet & Sour Chicken", "cnid": "1035", "productId": "153426", "size": "22 oz bag"},
{"thumb": "http://i4.peapod.com/c/KK/KKNHZ.gif", "price": "459", "unit_price": "$.22/ oz", "name": "Birds Eye Voila! Complete Meal Three Cheese Chicken", "cnid": "1035", "productId": "161910", "size": "21 oz bag"},
{"thumb": "http://i4.peapod.com/c/KK/KKNHZ.gif", "price": "399", "unit_price": "$.25/ oz", "name": "Boston Market Beef Pot Roast with Vegetables & Mashed Potatoes", "cnid": "1035", "productId": "167063", "size": "16 oz box"},
{"thumb": "http://i4.peapod.com/c/KK/KKNHZ.gif", "price": "399", "unit_price": "$.27/ oz", "name": "Boston Market Meatloaf with Mashed Potatoes & Gravy", "cnid": "1035", "productId": "113346", "size": "15 oz box"},
{"thumb": "http://i4.peapod.com/c/KK/KKNHZ.gif", "price": "399", "unit_price": "$.28/ oz", "name": "Boston Market Turkey Breast Medallions, Homestyle Mashed Potatoes & Gravy", "cnid": "1035", "productId": "113345", "size": "14 oz pkg"},
{"thumb": "http://i4.peapod.com/c/KK/KKNHZ.gif", "price": "399", "unit_price": "$.36/ oz", "name": "Caesar's Stuffed Shells with Cheese in Marinara Sauce", "cnid": "1035", "productId": "162018", "size": "11 oz pkg"},
{"thumb": "http://i4.peapod.com/c/KK/KKNHZ.gif", "price": "279", "unit_price": "$.47/ oz", "name": "Cedarlane Burrito Beans, Rice & Cheese Style Low Fat Organic", "cnid": "1035", "productId": "133004", "size": "6 oz pkg"},
{"thumb": "http://i4.peapod.com/c/KK/KKNHZ.gif", "price": "299", "unit_price": "$.50/ oz", "name": "Cedarlane Veggie Wraps Couscous & Vegetable Low Fat", "cnid": "1035", "productId": "133005", "size": "6 oz pkg"},
{"thumb": "http://i4.peapod.com/c/KK/KKNHZ.gif", "price": "399", "unit_price": "$.28/ oz", "name": "Celentano Eggplant Parmigiana", "cnid": "1035", "productId": "69352", "size": "14 oz pkg"},
{"thumb": "http://i4.peapod.com/c/KK/KKNHZ.gif", "price": "167", "unit_price": "$.17/ oz", "name": "Green Giant Cheesy Rice & Broccoli in a Cheese Flavored Sauce", "cnid": "1035", "productId": "33276", "size": "10 oz box"},
{"thumb": "http://i4.peapod.com/c/KK/KKNHZ.gif", "price": "167", "unit_price": "$.17/ oz", "name": "Green Giant Rice Pilaf with Carrots, Peas & Mushrooms", "cnid": "1035", "productId": "49751", "size": "10 oz box"},
{"thumb": "http://i4.peapod.com/c/KK/KKNHZ.gif", "price": "279", "unit_price": "$.30/ oz", "name": "Healthy Choice All Natural Entrees Portabella Spinach Parmesan", "cnid": "1035", "productId": "163094", "size": "9.4 oz box"},
{"thumb": "http://i4.peapod.com/c/KK/KKNHZ.gif", "price": "399", "unit_price": "$.35/ oz", "name": "Healthy Choice Beef Tips Portobello", "cnid": "1035", "productId": "7011", "size": "11.2 oz box"},
{"thumb": "http://i4.peapod.com/c/KK/KKNHZ.gif", "price": "399", "unit_price": "$.42/ oz", "name": "Healthy Choice Cafe Steamers Barbeque Seasoned Steak with Red Potatoes", "cnid": "1035", "productId": "167077", "size": "9.5 oz box"},
{"thumb": "http://i4.peapod.com/c/KK/KKNHZ.gif", "price": "399", "unit_price": "$.40/ oz", "name": "Healthy Choice Cafe Steamers Chicken Margherita", "cnid": "1035", "productId": "148125", "size": "10 oz box"},
{"thumb": "http://i4.peapod.com/c/KK/KKNHZ.gif", "price": "399", "unit_price": "$.38/ oz", "name": "Healthy Choice Cafe Steamers Chicken Marsala", "cnid": "1035", "productId": "153443", "size": "10.4 oz box"},
{"thumb": "http://i4.peapod.com/c/KK/KKNHZ.gif", "price": "399", "unit_price": "$.37/ oz", "name": "Healthy Choice Cafe Steamers General Tso's Spicy Chicken", "cnid": "1035", "productId": "148979", "size": "10.8 oz box"},
{"thumb": "http://i4.peapod.com/c/KK/KKNHZ.gif", "price": "399", "unit_price": "$.40/ oz", "name": "Healthy Choice Cafe Steamers Grilled Chicken Marinara", "cnid": "1035", "productId": "146364", "size": "10 oz box"},
{"thumb": "http://i4.peapod.com/c/KK/KKNHZ.gif", "price": "399", "unit_price": "$.40/ oz", "name": "Healthy Choice Cafe Steamers Roasted Beef Merlot", "cnid": "1035", "productId": "146363", "size": "10 oz box"},
{"thumb": "http://i4.peapod.com/c/KK/KKNHZ.gif", "price": "399", "unit_price": "$.40/ oz", "name": "Healthy Choice Cafe Steamers Sweet & Spicy Orange Zest Chicken", "cnid": "1035", "productId": "153444", "size": "10.1 oz box"},
{"thumb": "http://i4.peapod.com/c/KK/KKNHZ.gif", "price": "399", "unit_price": "$.39/ oz", "name": "Healthy Choice Cafe Steamers Sweet Sesame Chicken", "cnid": "1035", "productId": "151366", "size": "10.3 oz box"},
{"thumb": "http://i4.peapod.com/c/KK/KKNHZ.gif", "price": "399", "unit_price": "$.34/ oz", "name": "Healthy Choice Chicken Parmigiana with Fettuccini & Broccoli", "cnid": "1035", "productId": "7010", "size": "11.6 oz box"},
{"thumb": "http://i4.peapod.com/c/KK/KKNHZ.gif", "price": "399", "unit_price": "$.33/ oz", "name": "Healthy Choice Chicken Sweet & Sour with Rice & Broccoli", "cnid": "1035", "productId": "7009", "size": "12 oz box"},
{"thumb": "http://i4.peapod.com/c/KK/KKNHZ.gif", "price": "399", "unit_price": "$.38/ oz", "name": "Healthy Choice Complete Meals Turkey Breast Golden Roasted", "cnid": "1035", "productId": "7007", "size": "10.5 oz box"},
{"thumb": "http://i4.peapod.com/c/KK/KKNHZ.gif", "price": "399", "unit_price": "$.37/ oz", "name": "Healthy Choice Fish Lemon Pepper with Rice, Broccoli & Apple Crisp", "cnid": "1035", "productId": "14997", "size": "10.7 oz box"},
{"thumb": "http://i4.peapod.com/c/KK/KKNHZ.gif", "price": "399", "unit_price": "$.33/ oz", "name": "Healthy Choice Four Cheese Tortellini", "cnid": "1035", "productId": "164955", "size": "12 oz box"},
{"thumb": "http://i4.peapod.com/c/KK/KKNHZ.gif", "price": "279", "unit_price": "$.33/ oz", "name": "Healthy Choice Lunch Steamer Garlic Herb Shrimp", "cnid": "1035", "productId": "160914", "size": "8.5 oz box"},
{"thumb": "http://i4.peapod.com/c/KK/KKNHZ.gif", "price": "279", "unit_price": "$.32/ oz", "name": "Healthy Choice Lunch Steamer Sun Dried Tomato & Chicken Alfredo", "cnid": "1035", "productId": "164957", "size": "8.75 oz box"},
{"thumb": "http://i4.peapod.com/c/KK/KKNHZ.gif", "price": "399", "unit_price": "$.33/ oz", "name": "Healthy Choice Meatloaf with Mashed Potatoes", "cnid": "1035", "productId": "26602", "size": "12 oz box"},
{"thumb": "http://i4.peapod.com/c/KK/KKNHZ.gif", "price": "279", "unit_price": "$.31/ oz", "name": "Healthy Choice Rosemary Chicken & Sweet Potatoes", "cnid": "1035", "productId": "159666", "size": "9 oz box"},
{"thumb": "http://i4.peapod.com/c/KK/KKNHZ.gif", "price": "279", "unit_price": "$.31/ oz", "name": "Healthy Choice Steaming Entrees Honey Balsamic Chicken", "cnid": "1035", "productId": "159669", "size": "9 oz box"},
{"thumb": "http://i4.peapod.com/c/KK/KKNHZ.gif", "price": "279", "unit_price": "$.32/ oz", "name": "Healthy Choice Steaming Entrees Lemon Herb Chicken", "cnid": "1035", "productId": "159668", "size": "8.7 oz box"},
{"thumb": "http://i4.peapod.com/c/KK/KKNHZ.gif", "price": "279", "unit_price": "$.31/ oz", "name": "Healthy Choice Steaming Entrees Sesame Glazed Chicken", "cnid": "1035", "productId": "159665", "size": "9 oz box"},
{"thumb": "http://i4.peapod.com/c/KK/KKNHZ.gif", "price": "333", "unit_price": "$.37/ oz", "name": "Hot Pockets Ham & Cheese - 2 ct", "cnid": "1035", "productId": "6150", "size": "9 oz box"},
{"thumb": "http://i4.peapod.com/c/KK/KKNHZ.gif", "price": "333", "unit_price": "$.37/ oz", "name": "Hot Pockets Meatballs & Mozzarella - 2 ct", "cnid": "1035", "productId": "86526", "size": "9 oz box"},
{"thumb": "http://i4.peapod.com/c/KK/KKNHZ.gif", "price": "333", "unit_price": "$.37/ oz", "name": "Hot Pockets Pizza Pepperoni - 2 ct", "cnid": "1035", "productId": "6149", "size": "9 oz box"},
{"thumb": "http://i4.peapod.com/c/KK/KKNHZ.gif", "price": "419", "unit_price": "$.26/ oz", "name": "Hungry-Man Classic Chicken Fried Dark & White Meat with Potatoes & Corn", "cnid": "1035", "productId": "103977", "size": "16 oz pkg"},
{"thumb": "http://i4.peapod.com/c/KK/KKNHZ.gif", "price": "419", "unit_price": "$.25/ oz", "name": "Hungry-Man Turkey Roasted Carved White Meat, Stuffing & Mashed Potatoes", "cnid": "1035", "productId": "7241", "size": "17 oz pkg"},
{"thumb": "http://i4.peapod.com/c/KK/KKNHZ.gif", "price": "399", "unit_price": "$.40/ oz", "name": "Kashi Entree Chicken Florentine with 7 Whole Grains & Orzo Pilaf", "cnid": "1035", "productId": "144052", "size": "10 oz box"},
{"thumb": "http://i4.peapod.com/c/KK/KKNHZ.gif", "price": "399", "unit_price": "$.40/ oz", "name": "Kashi Entree Chicken Southwest Style with 7 Whole Grains Pilaf", "cnid": "1035", "productId": "144054", "size": "10 oz box"},
{"thumb": "http://i4.peapod.com/c/KK/KKNHZ.gif", "price": "399", "unit_price": "$.40/ oz", "name": "Kashi Entree Lemongrass Coconut Chicken with 7 Whole Grain Pilaf", "cnid": "1035", "productId": "144053", "size": "10 oz box"},
{"thumb": "http://i4.peapod.com/c/KK/KKNHZ.gif", "price": "399", "unit_price": "$.40/ oz", "name": "Kashi Entree Pasta Pesto Primavera with 7 Whole Grains Penne Pasta", "cnid": "1035", "productId": "144051", "size": "10 oz box"},
{"thumb": "http://i4.peapod.com/c/KK/KKNHZ.gif", "price": "200", "unit_price": "$.23/ oz", "name": "Kid Cuisine Fun Nuggets Chicken", "cnid": "1035", "productId": "124639", "size": "8.8 oz pkg"},
{"thumb": "http://i4.peapod.com/c/KK/KKNHZ.gif", "price": "200", "unit_price": "$.19/ oz", "name": "Kid Cuisine Macaroni & Cheese", "cnid": "1035", "productId": "3011", "size": "10.6 oz pkg"},
{"thumb": "http://i4.peapod.com/c/KK/KKNHZ.gif", "price": "369", "unit_price": "$.43/ oz", "name": "Lean Cuisine Culinary Collection Chicken Glazed", "cnid": "1035", "productId": "730", "size": "8.5 oz box"},
{"thumb": "http://i4.peapod.com/c/KK/KKNHZ.gif", "price": "369", "unit_price": "$.41/ oz", "name": "Lean Cuisine Culinary Collection Chicken Lemon", "cnid": "1035", "productId": "35161", "size": "9 oz box"},
{"thumb": "http://i4.peapod.com/c/KK/KKNHZ.gif", "price": "369", "unit_price": "$.34/ oz", "name": "Lean Cuisine Culinary Collection Chicken Parmesan", "cnid": "1035", "productId": "729", "size": "10.8 oz box"},
{"thumb": "http://i4.peapod.com/c/KK/KKNHZ.gif", "price": "369", "unit_price": "$.41/ oz", "name": "Lean Cuisine Culinary Collection Chicken Sesame", "cnid": "1035", "productId": "129833", "size": "9 oz box"},
{"thumb": "http://i4.peapod.com/c/KK/KKNHZ.gif", "price": "369", "unit_price": "$.37/ oz", "name": "Lean Cuisine Culinary Collection Chicken Sweet & Sour", "cnid": "1035", "productId": "15418", "size": "10 oz box"},
{"thumb": "http://i4.peapod.com/c/KK/KKNHZ.gif", "price": "369", "unit_price": "$.37/ oz", "name": "Lean Cuisine Culinary Collection Chicken with Lasagna Rollatini", "cnid": "1035", "productId": "31388", "size": "10 oz box"},
{"thumb": "http://i4.peapod.com/c/KK/KKNHZ.gif", "price": "369", "unit_price": "$.39/ oz", "name": "Lean Cuisine Culinary Collection Meatloaf with Mashed Potatoes", "cnid": "1035", "productId": "19622", "size": "9.3 oz box"},
{"thumb": "http://i4.peapod.com/c/KK/KKNHZ.gif", "price": "369", "unit_price": "$.62/ oz", "name": "Lean Cuisine Culinary Collection Panini Chicken, Spinach & Mushroom", "cnid": "1035", "productId": "139849", "size": "6 oz box"},
{"thumb": "http://i4.peapod.com/c/KK/KKNHZ.gif", "price": "369", "unit_price": "$.62/ oz", "name": "Lean Cuisine Culinary Collection Panini Chicken Club", "cnid": "1035", "productId": "139848", "size": "6 oz box"},
{"thumb": "http://i4.peapod.com/c/KK/KKNHZ.gif", "price": "369", "unit_price": "$.62/ oz", "name": "Lean Cuisine Culinary Collection Panini Southwest-Style Chicken", "cnid": "1035", "productId": "139846", "size": "6 oz box"},
{"thumb": "http://i4.peapod.com/c/KK/KKNHZ.gif", "price": "369", "unit_price": "$.62/ oz", "name": "Lean Cuisine Culinary Collection Panini Steak, Cheddar & Mushroom", "cnid": "1035", "productId": "139847", "size": "6 oz box"},
{"thumb": "http://i4.peapod.com/c/KK/KKNHZ.gif", "price": "369", "unit_price": "$.37/ oz", "name": "Lean Cuisine Culinary Collection Shrimp & Angel Hair Pasta", "cnid": "1035", "productId": "101750", "size": "10 oz box"},
{"thumb": "http://i4.peapod.com/c/KK/KKNHZ.gif", "price": "369", "unit_price": "$.46/ oz", "name": "Lean Cuisine Culinary Collection Spinach Artichoke Dip with Pita Bread", "cnid": "1035", "productId": "164981", "size": "8 oz box"},
{"thumb": "http://i4.peapod.com/c/KK/KKNHZ.gif", "price": "369", "unit_price": "$.46/ oz", "name": "Lean Cuisine Culinary Collection Spring Rolls Fajita-Style Chicken - 6 ct", "cnid": "1035", "productId": "163254", "size": "8 oz box"},
{"thumb": "http://i4.peapod.com/c/KK/KKNHZ.gif", "price": "369", "unit_price": "$.46/ oz", "name": "Lean Cuisine Culinary Collection Spring Rolls Garlic Chicken - 6 ct", "cnid": "1035", "productId": "165013", "size": "8 oz box"},
{"thumb": "http://i4.peapod.com/c/KK/KKNHZ.gif", "price": "399", "unit_price": "$.33/ oz", "name": "Lean Cuisine Market Collection Chicken Grillled & Penne Pasta", "cnid": "1035", "productId": "153446", "size": "12 oz box"},
{"thumb": "http://i4.peapod.com/c/KK/KKNHZ.gif", "price": "329", "unit_price": "$.37/ oz", "name": "Lean Cuisine Simple Favorites Chicken Enchilada Suiza", "cnid": "1035", "productId": "22379", "size": "9 oz box"},
{"thumb": "http://i4.peapod.com/c/KK/KKNHZ.gif", "price": "329", "unit_price": "$.36/ oz", "name": "Lean Cuisine Simple Favorites Chicken Fettuccini", "cnid": "1035", "productId": "22411", "size": "9.25 oz box"},
{"thumb": "http://i4.peapod.com/c/KK/KKNHZ.gif", "price": "329", "unit_price": "$.37/ oz", "name": "Lean Cuisine Simple Favorites Eggroll Vegetable", "cnid": "1035", "productId": "84151", "size": "9 oz box"},
{"thumb": "http://i4.peapod.com/c/KK/KKNHZ.gif", "price": "329", "unit_price": "$.35/ oz", "name": "Lean Cuisine Simple Favorites Macaroni & Beef Classic", "cnid": "1035", "productId": "27629", "size": "9.5 oz box"},
{"thumb": "http://i4.peapod.com/c/KK/KKNHZ.gif", "price": "329", "unit_price": "$.33/ oz", "name": "Lean Cuisine Simple Favorites Macaroni & Cheese", "cnid": "1035", "productId": "13753", "size": "10 oz box"},
{"thumb": "http://i4.peapod.com/c/KK/KKNHZ.gif", "price": "329", "unit_price": "$.39/ oz", "name": "Lean Cuisine Simple Favorites Ravioli Cheese", "cnid": "1035", "productId": "22383", "size": "8.5 oz box"},
{"thumb": "http://i4.peapod.com/c/KK/KKNHZ.gif", "price": "329", "unit_price": "$.32/ oz", "name": "Lean Cuisine Simple Favorites Rice & Beans Santa Fe-Style", "cnid": "1035", "productId": "118256", "size": "10.3 oz box"},
{"thumb": "http://i4.peapod.com/c/KK/KKNHZ.gif", "price": "329", "unit_price": "$.29/ oz", "name": "Lean Cuisine Simple Favorites Spaghetti with Meat Sauce", "cnid": "1035", "productId": "735", "size": "11.5 oz box"},
{"thumb": "http://i4.peapod.com/c/KK/KKNHZ.gif", "price": "329", "unit_price": "$.36/ oz", "name": "Lean Cuisine Simple Favorites Swedish Meatballs", "cnid": "1035", "productId": "27628", "size": "9.12 oz box"},
{"thumb": "http://i4.peapod.com/c/KK/KKNHZ.gif", "price": "369", "unit_price": "$.41/ oz", "name": "Lean Cuisine Spa Collection Chicken Lemongrass", "cnid": "1035", "productId": "136460", "size": "9 oz box"},
{"thumb": "http://i4.peapod.com/c/KK/KKNHZ.gif", "price": "369", "unit_price": "$.37/ oz", "name": "Lean Cuisine Spa Collection Ravioli Butternut Squash", "cnid": "1035", "productId": "144143", "size": "9.87 oz box"},
{"thumb": "http://i4.peapod.com/c/KK/KKNHZ.gif", "price": "369", "unit_price": "$.38/ oz", "name": "Lean Cuisine Spa Collection Stir Fry Ginger Garlic with Chicken", "cnid": "1035", "productId": "157286", "size": "9.8 oz box"},
{"thumb": "http://i4.peapod.com/c/KK/KKNHZ.gif", "price": "369", "unit_price": "$.37/ oz", "name": "Lean Cuisine Spa Collection Stir Fry Sesame with Chicken", "cnid": "1035", "productId": "144145", "size": "10 oz box"},
{"thumb": "http://i4.peapod.com/c/KK/KKNHZ.gif", "price": "333", "unit_price": "$.37/ oz", "name": "Lean Pockets Chicken Parmesan - 2 ct", "cnid": "1035", "productId": "17153", "size": "9 oz box"},
{"thumb": "http://i4.peapod.com/c/KK/KKNHZ.gif", "price": "333", "unit_price": "$.37/ oz", "name": "Lean Pockets Meatballs & Mozzarella - 2 ct", "cnid": "1035", "productId": "113413", "size": "9 oz box"},
{"thumb": "http://i4.peapod.com/c/KK/KKNHZ.gif", "price": "333", "unit_price": "$.37/ oz", "name": "Lean Pockets Pizza Pepperoni with Seasoned Garlic Crust - 2 ct", "cnid": "1035", "productId": "76245", "size": "9 oz box"},
{"thumb": "http://i4.peapod.com/c/KK/KKNHZ.gif", "price": "333", "unit_price": "$.37/ oz", "name": "Lean Pockets Whole Grain Chicken, Broccoli & Cheese - 2 ct", "cnid": "1035", "productId": "153135", "size": "9 oz box"},
{"thumb": "http://i4.peapod.com/c/KK/KKNHZ.gif", "price": "419", "unit_price": "$.32/ oz", "name": "Marie Callender's Chicken with Fettucini & Broccoli", "cnid": "1035", "productId": "22100", "size": "13 oz box"},
{"thumb": "http://i4.peapod.com/c/KK/KKNHZ.gif", "price": "419", "unit_price": "$.26/ oz", "name": "Marie Callender's Country Fried Chicken & Gravy", "cnid": "1035", "productId": "25113", "size": "16 oz box"},
{"thumb": "http://i4.peapod.com/c/KK/KKNHZ.gif", "price": "419", "unit_price": "$.35/ oz", "name": "Marie Callender's Fish Fillet Battered w/Rice & Broccoli in Cheese Sauce", "cnid": "1035", "productId": "101779", "size": "12 oz box"},
{"thumb": "http://i4.peapod.com/c/KK/KKNHZ.gif", "price": "419", "unit_price": "$.42/ oz", "name": "Marie Callender's Fresh Flavor Steamer Beef Pepper Steak", "cnid": "1035", "productId": "164964", "size": "10 oz box"},
{"thumb": "http://i4.peapod.com/c/KK/KKNHZ.gif", "price": "419", "unit_price": "$.22/ oz", "name": "Marie Callender's Lasagna Three Meat & Four Cheese", "cnid": "1035", "productId": "167377", "size": "19 oz box"},
{"thumb": "http://i4.peapod.com/c/KK/KKNHZ.gif", "price": "299", "unit_price": "$.30/ oz", "name": "Marie Callender's Pot Pie Chicken", "cnid": "1035", "productId": "33268", "size": "10 oz box"},
{"thumb": "http://i4.peapod.com/c/KK/KKNHZ.gif", "price": "419", "unit_price": "$.26/ oz", "name": "Marie Callender's Pot Pie Chicken", "cnid": "1035", "productId": "1874", "size": "16 oz box"},
{"thumb": "http://i4.peapod.com/c/KK/KKNHZ.gif", "price": "419", "unit_price": "$.31/ oz", "name": "Marie Callender's Steak & Roasted Potatoes with Mushroom Sauce", "cnid": "1035", "productId": "162065", "size": "13.6 oz box"},
{"thumb": "http://i4.peapod.com/c/KK/KKNHZ.gif", "price": "419", "unit_price": "$.30/ oz", "name": "Marie Callender's Turkey Breast with Dressing, Potatoes & Green Beans", "cnid": "1035", "productId": "22103", "size": "14 oz box"},
{"thumb": "http://i4.peapod.com/c/KK/KKNHZ.gif", "price": "350", "unit_price": "$.11/ oz", "name": "On-Cor Chicken Breaded Parmigiana", "cnid": "1035", "productId": "8153", "size": "32 oz box"},
{"thumb": "http://i4.peapod.com/c/KK/KKNHZ.gif", "price": "329", "unit_price": "$.12/ oz", "name": "On-Cor Salisbury Steaks - 6 ct", "cnid": "1035", "productId": "8146", "size": "28 oz pkg"},
{"thumb": "http://i4.peapod.com/c/KK/KKNHZ.gif", "price": "699", "unit_price": "$.32/ oz", "name": "P.F. Chang's Home Menu Meals for 2 Beef with Broccoli", "cnid": "1035", "productId": "157426", "size": "22 oz pkg"},
{"thumb": "http://i4.peapod.com/c/KK/KKNHZ.gif", "price": "699", "unit_price": "$.32/ oz", "name": "P.F. Chang's Home Menu Meals for 2 General Chang's Chicken", "cnid": "1035", "productId": "157425", "size": "22 oz pkg"},
{"thumb": "http://i4.peapod.com/c/KK/KKNHZ.gif", "price": "699", "unit_price": "$.32/ oz", "name": "P.F. Chang's Home Menu Meals for 2 Orange Chicken", "cnid": "1035", "productId": "159587", "size": "22 oz pkg"},
{"thumb": "http://i4.peapod.com/c/KK/KKNHZ.gif", "price": "699", "unit_price": "$.32/ oz", "name": "P.F. Chang's Home Menu Meals for 2 Shrimp in a Garlic Sauce", "cnid": "1035", "productId": "160719", "size": "22 oz pkg"},
{"thumb": "http://i4.peapod.com/c/KK/KKNHZ.gif", "price": "699", "unit_price": "$.32/ oz", "name": "P.F. Chang's Home Menu Meals for 2 Sweet & Sour Chicken", "cnid": "1035", "productId": "160718", "size": "22 oz pkg"},
{"thumb": "http://i4.peapod.com/c/KK/KKNHZ.gif", "price": "250", "unit_price": "$.31/ oz", "name": "Smucker's Uncrustables Sandwiches Peanut Butter & Grape Jelly - 4 ct", "cnid": "1035", "productId": "118148", "size": "8 oz box"},
{"thumb": "http://i4.peapod.com/c/KK/KKNHZ.gif", "price": "250", "unit_price": "$.31/ oz", "name": "Smucker's Uncrustables Sandwiches Peanut Butter & Strawberry Jam - 4 ct", "cnid": "1035", "productId": "118149", "size": "8 oz box"},
{"thumb": "http://i4.peapod.com/c/KK/KKNHZ.gif", "price": "349", "unit_price": "$.33/ oz", "name": "Stouffer's Farmers' Harvest Vegetable Lasagna Made with Whole Grain Pasta", "cnid": "1035", "productId": "702", "size": "10.5 oz box"},
{"thumb": "http://i4.peapod.com/c/KK/KKNHZ.gif", "price": "699", "unit_price": "$.17/ oz", "name": "Stouffer's Macaroni & Cheese Family Size", "cnid": "1035", "productId": "18142", "size": "40 oz box"},
{"thumb": "http://i4.peapod.com/c/KK/KKNHZ.gif", "price": "449", "unit_price": "$.22/ oz", "name": "Stouffer's Satisfying Servings Macaroni & Cheese Large Size", "cnid": "1035", "productId": "705", "size": "20 oz box"},
{"thumb": "http://i4.peapod.com/c/KK/KKNHZ.gif", "price": "449", "unit_price": "$.28/ oz", "name": "Stouffer's Satisfying Servings Meatloaf & Mashed Potatoes", "cnid": "1035", "productId": "42470", "size": "16 oz box"},
{"thumb": "http://i4.peapod.com/c/KK/KKNHZ.gif", "price": "449", "unit_price": "$.28/ oz", "name": "Stouffer's Satisfying Servings Roast Turkey Breast w/Stuffing & Potatoes", "cnid": "1035", "productId": "42374", "size": "16 oz box"},
{"thumb": "http://i4.peapod.com/c/KK/KKNHZ.gif", "price": "349", "unit_price": "$.39/ oz", "name": "Stouffer's Signature Classics Baked Chicken Breast with Mashed Potatoes", "cnid": "1035", "productId": "13474", "size": "8.87 oz box"},
{"thumb": "http://i4.peapod.com/c/KK/KKNHZ.gif", "price": "349", "unit_price": "$.30/ oz", "name": "Stouffer's Signature Classics Chicken a la King", "cnid": "1035", "productId": "693", "size": "11.5 oz box"},
{"thumb": "http://i4.peapod.com/c/KK/KKNHZ.gif", "price": "349", "unit_price": "$.33/ oz", "name": "Stouffer's Signature Classics Chicken Fettuccini Alfredo", "cnid": "1035", "productId": "84636", "size": "10.5 oz box"},
{"thumb": "http://i4.peapod.com/c/KK/KKNHZ.gif", "price": "349", "unit_price": "$.29/ oz", "name": "Stouffer's Signature Classics Chicken Parmigiana", "cnid": "1035", "productId": "87756", "size": "12 oz box"},
{"thumb": "http://i4.peapod.com/c/KK/KKNHZ.gif", "price": "349", "unit_price": "$.32/ oz", "name": "Stouffer's Signature Classics Creamed Chipped Beef", "cnid": "1035", "productId": "689", "size": "11 oz box"},
{"thumb": "http://i4.peapod.com/c/KK/KKNHZ.gif", "price": "349", "unit_price": "$.33/ oz", "name": "Stouffer's Signature Classics Lasagna with Meat & Sauce", "cnid": "1035", "productId": "701", "size": "10.5 oz box"},
{"thumb": "http://i4.peapod.com/c/KK/KKNHZ.gif", "price": "349", "unit_price": "$.27/ oz", "name": "Stouffer's Signature Classics Macaroni & Beef", "cnid": "1035", "productId": "703", "size": "12.7 oz box"},
{"thumb": "http://i4.peapod.com/c/KK/KKNHZ.gif", "price": "349", "unit_price": "$.36/ oz", "name": "Stouffer's Signature Classics Salisbury Steak with Macaroni & Cheese", "cnid": "1035", "productId": "692", "size": "9.62 oz box"},
{"thumb": "http://i4.peapod.com/c/KK/KKNHZ.gif", "price": "349", "unit_price": "$.28/ oz", "name": "Stouffer's Signature Classics Spaghetti with Meatballs", "cnid": "1035", "productId": "18845", "size": "12.6 oz box"},
{"thumb": "http://i4.peapod.com/c/KK/KKNHZ.gif", "price": "349", "unit_price": "$.35/ oz", "name": "Stouffer's Signature Classics Stuffed Green Pepper", "cnid": "1035", "productId": "13108", "size": "10 oz box"},
{"thumb": "http://i4.peapod.com/c/KK/KKNHZ.gif", "price": "299", "unit_price": "$.25/ oz", "name": "Stouffer's Simple Dishes Macaroni & Cheese", "cnid": "1035", "productId": "704", "size": "12 oz box"},
{"thumb": "http://i4.peapod.com/c/KK/KKNHZ.gif", "price": "299", "unit_price": "$.30/ oz", "name": "Stouffer's Simple Dishes Potato Bake Cheddar", "cnid": "1035", "productId": "133112", "size": "10 oz box"},
{"thumb": "http://i4.peapod.com/c/KK/KKNHZ.gif", "price": "549", "unit_price": "$.23/ oz", "name": "Tastee Choice Mediterranean Style Skillet Meals Shrimp Scampi", "cnid": "1035", "productId": "162313", "size": "24 oz bag"},
{"thumb": "http://i4.peapod.com/c/KK/KKNHZ.gif", "price": "549", "unit_price": "$.23/ oz", "name": "Tastee Choice Skillet Meals Shrimp, Basmati Rice, Veg & Garlic Soy Sauce", "cnid": "1035", "productId": "162314", "size": "24 oz bag"},
{"thumb": "http://i4.peapod.com/c/KK/KKNHZ.gif", "price": "50", "unit_price": "$.10/ oz", "name": "Tina's Burrito Beef & Bean", "cnid": "1035", "productId": "20349", "size": "5 oz pkg"},
{"thumb": "http://i4.peapod.com/c/KK/KKNHZ.gif", "price": "799", "unit_price": "$.33/ oz", "name": "Wanchai Ferry Complete Meal for Two Orange Chicken Frozen", "cnid": "1035", "productId": "155465", "size": "24 oz pkg"},
{"thumb": "http://i4.peapod.com/c/KK/KKNHZ.gif", "price": "799", "unit_price": "$.33/ oz", "name": "Wanchai Ferry Complete Meal for Two Shrimp Lo Mein Frozen", "cnid": "1035", "productId": "162834", "size": "24 oz pkg"},
{"thumb": "http://i4.peapod.com/c/KK/KKNHZ.gif", "price": "799", "unit_price": "$.33/ oz", "name": "Wanchai Ferry Complete Meal for Two Sweet & Sour Chicken Frozen", "cnid": "1035", "productId": "157291", "size": "24 oz pkg"},
{"thumb": "http://i4.peapod.com/c/KK/KKNHZ.gif", "price": "300", "unit_price": "$.33/ oz", "name": "Weight Watchers Smart Ones Beef Pot Roast", "cnid": "1035", "productId": "136293", "size": "9 oz box"},
{"thumb": "http://i4.peapod.com/c/KK/KKNHZ.gif", "price": "300", "unit_price": "$.33/ oz", "name": "Weight Watchers Smart Ones Bistro Selections Roast Beef in Gravy", "cnid": "1035", "productId": "164170", "size": "9 oz box"},
{"thumb": "http://i4.peapod.com/c/KK/KKNHZ.gif", "price": "200", "unit_price": "$.23/ oz", "name": "Weight Watchers Smart Ones Classic Favorites Ravioli Florentine", "cnid": "1035", "productId": "27596", "size": "8.5 oz box"},
{"thumb": "http://i4.peapod.com/c/KK/KKNHZ.gif", "price": "200", "unit_price": "$.22/ oz", "name": "Weight Watchers Smart Ones Fettucini Alfredo with Broccoli", "cnid": "1035", "productId": "21555", "size": "9.25 oz box"},
{"thumb": "http://i4.peapod.com/c/KK/KKNHZ.gif", "price": "300", "unit_price": "$.38/ oz", "name": "Weight Watchers Smart Ones Fruit Inspirations Chicken Orange Sesame", "cnid": "1035", "productId": "150699", "size": "8 oz box"},
{"thumb": "http://i4.peapod.com/c/KK/KKNHZ.gif", "price": "200", "unit_price": "$.19/ oz", "name": "Weight Watchers Smart Ones Lasagna Florentine", "cnid": "1035", "productId": "15325", "size": "10.5 oz box"},
{"thumb": "http://i4.peapod.com/c/KK/KKNHZ.gif", "price": "200", "unit_price": "$.19/ oz", "name": "Weight Watchers Smart Ones Lasagna with Meat Sauce", "cnid": "1035", "productId": "2365", "size": "10.5 oz box"},
{"thumb": "http://i4.peapod.com/c/KK/KKNHZ.gif", "price": "200", "unit_price": "$.20/ oz", "name": "Weight Watchers Smart Ones Rice & Beans Santa Fe Style", "cnid": "1035", "productId": "45439", "size": "10 oz box"},
{"thumb": "http://i4.peapod.com/c/KK/KKNHZ.gif", "price": "200", "unit_price": "$.22/ oz", "name": "Weight Watchers Smart Ones Rigatoni Creamy with Broccoli & Chicken", "cnid": "1035", "productId": "69586", "size": "9 oz box"},
{"thumb": "http://i4.peapod.com/c/KK/KKNHZ.gif", "price": "300", "unit_price": "$.33/ oz", "name": "Weight Watchers Smart Ones Stuffed Turkey Breast", "cnid": "1035", "productId": "2373", "size": "9 oz box"},
{"thumb": "http://i4.peapod.com/c/KK/KKNHZ.gif", "price": "200", "unit_price": "$.22/ oz", "name": "Weight Watchers Smart Ones Three Cheese Macaroni", "cnid": "1035", "productId": "15624", "size": "9 oz box"},
{"thumb": "http://i4.peapod.com/c/KK/KKNHZ.gif", "price": "300", "unit_price": "$.30/ oz", "name": "Weight Watchers Smart Ones Turkey Breast Slow Roasted", "cnid": "1035", "productId": "113226", "size": "10 oz box"},
{"thumb": "http://i4.peapod.com/c/KK/KKNHZ.gif", "price": "399", "unit_price": "$6.76/ lb", "name": "White Castle Hamburgers - 6 ct Frozen", "cnid": "1035", "productId": "9613", "size": "9.5 oz box"},
{"thumb": "http://i4.peapod.com/c/KK/KKNHZ.gif", "price": "679", "unit_price": "$.26/ oz", "name": "Willow Tree Premium Pot Pie Chicken White Meat No Vegetables", "cnid": "1035", "productId": "63118", "size": "26 oz box"},
{"thumb": "http://i4.peapod.com/c/KK/KKNHZ.gif", "price": "999", "unit_price": "$.19/ oz", "name": "Willow Tree Premium Pot Pie Chicken White Meat No Vegetables", "cnid": "1035", "productId": "148963", "size": "52 oz box"},
{"thumb": "http://i4.peapod.com/c/KK/KKNHZ.gif", "price": "219", "unit_price": "$.27/ oz", "name": "Willow Tree Premium Pot Pie Chicken White Meat No Vegetables", "cnid": "1035", "productId": "82294", "size": "8 oz box"},
{"thumb": "http://i4.peapod.com/c/KK/KKNHZ.gif", "price": "369", "unit_price": "$.46/ oz", "name": "Cascadian Farm Blueberries Organic Frozen", "cnid": "1009", "productId": "81590", "size": "8 oz bag"},
{"thumb": "http://i4.peapod.com/c/KK/KKNHZ.gif", "price": "369", "unit_price": "$.37/ oz", "name": "Cascadian Farm Red Raspberries Organic Frozen", "cnid": "1009", "productId": "122998", "size": "10 oz bag"},
{"thumb": "http://i4.peapod.com/c/KK/KKNHZ.gif", "price": "499", "unit_price": "$.42/ oz", "name": "Dole Blueberries Frozen", "cnid": "1009", "productId": "37293", "size": "12 oz bag"},
{"thumb": "http://i4.peapod.com/c/KK/KKNHZ.gif", "price": "299", "unit_price": "$.50/ oz", "name": "Dole Fruit Cups Blueberries Single Serve All Natural - 2 ct Frozen", "cnid": "1009", "productId": "184159", "size": "6 oz pkg"},
{"thumb": "http://i4.peapod.com/c/KK/KKNHZ.gif", "price": "299", "unit_price": "$.50/ oz", "name": "Dole Fruit Cups Strawberries Sliced Single Serve All Natural - 2 ct Frozen", "cnid": "1009", "productId": "184162", "size": "6 oz pkg"},
{"thumb": "http://i4.peapod.com/c/KK/KKNHZ.gif", "price": "449", "unit_price": "$.37/ oz", "name": "Nature's Promise Organics Raspberries Frozen", "cnid": "1009", "productId": "155216", "size": "12 oz bag"},
{"thumb": "http://i4.peapod.com/c/KK/KKNHZ.gif", "price": "350", "unit_price": "$.29/ oz", "name": "Stop & Shop Berry Medley Unsweetened All Natural Frozen", "cnid": "1009", "productId": "159277", "size": "12 oz bag"},
{"thumb": "http://i4.peapod.com/c/KK/KKNHZ.gif", "price": "459", "unit_price": "$.38/ oz", "name": "Stop & Shop Blueberries No Sugar Added All Natural Frozen", "cnid": "1009", "productId": "118738", "size": "12 oz bag"},
{"thumb": "http://i4.peapod.com/c/KK/KKNHZ.gif", "price": "350", "unit_price": "$.22/ oz", "name": "Stop & Shop Peaches Sliced Frozen", "cnid": "1009", "productId": "163072", "size": "16 oz bag"},
{"thumb": "http://i4.peapod.com/c/KK/KKNHZ.gif", "price": "399", "unit_price": "$.17/ oz", "name": "Stop & Shop Strawberries Light with Aspartame Sliced Frozen", "cnid": "1009", "productId": "186631", "size": "24 oz tub"},
{"thumb": "http://i4.peapod.com/c/KK/KKNHZ.gif", "price": "299", "unit_price": "$.19/ oz", "name": "Stop & Shop Strawberries Whole Unsweetened All Natural Frozen", "cnid": "1009", "productId": "58237", "size": "16 oz bag"},
{"thumb": "http://i4.peapod.com/c/KK/KKNHZ.gif", "price": "399", "unit_price": "$.17/ oz", "name": "Stop & Shop Strawberries with Sugar Sliced Frozen", "cnid": "1009", "productId": "186630", "size": "24 oz tub"},
{"thumb": "http://i4.peapod.com/c/KK/KKNHZ.gif", "price": "429", "unit_price": "$.29/ oz", "name": "Wyman's Blueberries Wild Frozen", "cnid": "1009", "productId": "37295", "size": "15 oz bag"},
{"thumb": "http://i4.peapod.com/c/KK/KKNHZ.gif", "price": "499", "unit_price": "$.28/ oz", "name": "600 lb. Gorillas Cookie Dough Chocolate Chip All Natural - 18 ct Frozen", "cnid": "997", "productId": "126302", "size": "18 oz box"},
{"thumb": "http://i4.peapod.com/c/KK/KKNHZ.gif", "price": "1999", "unit_price": "$.33/ oz", "name": "Carvel Ice Cream Cake Chocolate & Vanilla Layers Round Small", "cnid": "997", "productId": "120900", "size": "60 oz box"},
{"thumb": "http://i4.peapod.com/c/KK/KKNHZ.gif", "price": "349", "unit_price": "$.65/ oz", "name": "Edwards Pie Singles Chocolate Creme - 2 slices Frozen Thaw & Serve", "cnid": "997", "productId": "133210", "size": "5.34 oz box"},
{"thumb": "http://i4.peapod.com/c/KK/KKNHZ.gif", "price": "349", "unit_price": "$.54/ oz", "name": "Edwards Pie Singles Key Lime - 2 slices Frozen Thaw & Serve", "cnid": "997", "productId": "133172", "size": "6.5 oz box"},
{"thumb": "http://i4.peapod.com/c/KK/KKNHZ.gif", "price": "1999", "unit_price": "$.33/ oz", "name": "Friendly's Celebration Ice Cream Cake Vanilla & Chocolate", "cnid": "997", "productId": "159280", "size": "60 oz box"},
{"thumb": "http://i4.peapod.com/c/KK/KKNHZ.gif", "price": "1999", "unit_price": "$.33/ oz", "name": "Friendly's Ice Cream Cake Oreo", "cnid": "997", "productId": "159550", "size": "60 oz box"},
{"thumb": "http://i4.peapod.com/c/KK/KKNHZ.gif", "price": "1999", "unit_price": "$.33/ oz", "name": "Friendly's Ice Cream Cake Reese's Peanut Butter Cups", "cnid": "997", "productId": "159549", "size": "60 oz box"},
{"thumb": "http://i4.peapod.com/c/KK/KKNHZ.gif", "price": "339", "unit_price": "$.26/ oz", "name": "Kellogg's Eggo Mini Muffin Tops Blueberry - 32 ct", "cnid": "997", "productId": "148503", "size": "12.9 oz box"},
{"thumb": "http://i4.peapod.com/c/KK/KKNHZ.gif", "price": "339", "unit_price": "$.26/ oz", "name": "Kellogg's Eggo Mini Muffin Tops Chocolate Chip - 32 ct", "cnid": "997", "productId": "148502", "size": "12.9 oz box"},
{"thumb": "http://i4.peapod.com/c/KK/KKNHZ.gif", "price": "599", "unit_price": "$.43/ oz", "name": "Kinnikinnick Hamburger Buns Tapioca Rice Gluten Free - 4 ct Frozen", "cnid": "997", "productId": "156527", "size": "14 oz pkg"},
{"thumb": "http://i4.peapod.com/c/KK/KKNHZ.gif", "price": "599", "unit_price": "$.55/ oz", "name": "Kinnikinnick Muffins Chocolate Chip Gluten Free - 6 ct Frozen", "cnid": "997", "productId": "156538", "size": "11 oz pkg"},
{"thumb": "http://i4.peapod.com/c/KK/KKNHZ.gif", "price": "899", "unit_price": "$.43/ oz", "name": "Kinnikinnick Pizza Crust Personal Size 7 Inch Gluten Free - 4 ct Frozen", "cnid": "997", "productId": "147667", "size": "21 oz pkg"},
{"thumb": "http://i4.peapod.com/c/KK/KKNHZ.gif", "price": "599", "unit_price": "$.30/ oz", "name": "Kinnikinnick Sandwich Bread White Gluten Free Frozen", "cnid": "997", "productId": "156533", "size": "20 oz pkg"},
{"thumb": "http://i4.peapod.com/c/KK/KKNHZ.gif", "price": "279", "unit_price": "$.28/ oz", "name": "Kraft Bagel-fuls Original Plain Bagel with Plain Cream Cheese - 4 ct", "cnid": "997", "productId": "150935", "size": "10 oz box"},
{"thumb": "http://i4.peapod.com/c/KK/KKNHZ.gif", "price": "179", "unit_price": "$.15/ oz", "name": "Lender's Original Bagels Onion - 6 ct Frozen", "cnid": "997", "productId": "9270", "size": "12 oz bag"},
{"thumb": "http://i4.peapod.com/c/KK/KKNHZ.gif", "price": "179", "unit_price": "$.15/ oz", "name": "Lender's Original Bagels Plain - 6 ct Frozen", "cnid": "997", "productId": "9268", "size": "12 oz bag"},
{"thumb": "http://i4.peapod.com/c/KK/KKNHZ.gif", "price": "329", "unit_price": "$.33/ oz", "name": "Marie Callender's Pie Apple Single Serve Microwavable Frozen", "cnid": "997", "productId": "164960", "size": "10 oz box"},
{"thumb": "http://i4.peapod.com/c/KK/KKNHZ.gif", "price": "599", "unit_price": "$.21/ oz", "name": "Marie Callender's Pie Chocolate Satin Frozen Thaw & Serve", "cnid": "997", "productId": "167298", "size": "28 oz box"},
{"thumb": "http://i4.peapod.com/c/KK/KKNHZ.gif", "price": "599", "unit_price": "$.15/ oz", "name": "Marie Callender's Pie Razzleberry Frozen", "cnid": "997", "productId": "167529", "size": "40 oz box"},
{"thumb": "http://i4.peapod.com/c/KK/KKNHZ.gif", "price": "659", "unit_price": "$.24/ oz", "name": "Mrs. Smith's Classic Pie Apple Frozen", "cnid": "997", "productId": "69587", "size": "27 oz box"},
{"thumb": "http://i4.peapod.com/c/KK/KKNHZ.gif", "price": "659", "unit_price": "$.24/ oz", "name": "Mrs. Smith's Classic Pie Cherry Frozen", "cnid": "997", "productId": "2528", "size": "27 oz box"},
{"thumb": "http://i4.peapod.com/c/KK/KKNHZ.gif", "price": "659", "unit_price": "$.24/ oz", "name": "Mrs. Smith's Classic Pie Dutch Apple Crumb Frozen", "cnid": "997", "productId": "76459", "size": "27 oz box"},
{"thumb": "http://i4.peapod.com/c/KK/KKNHZ.gif", "price": "659", "unit_price": "$.24/ oz", "name": "Mrs. Smith's Classic Pie Pumpkin Frozen", "cnid": "997", "productId": "45509", "size": "27 oz box"},
{"thumb": "http://i4.peapod.com/c/KK/KKNHZ.gif", "price": "250", "unit_price": "$.25/ oz", "name": "Nature's Promise Naturals Bread Garlic Frozen", "cnid": "997", "productId": "157183", "size": "10 oz pkg"},
{"thumb": "http://i4.peapod.com/c/KK/KKNHZ.gif", "price": "250", "unit_price": "$.22/ oz", "name": "New York Texas Toast Garlic - 8 ct Frozen", "cnid": "997", "productId": "66382", "size": "11.2 oz box"},
{"thumb": "http://i4.peapod.com/c/KK/KKNHZ.gif", "price": "250", "unit_price": "$.13/ oz", "name": "Pepperidge Farm 3-Layer Cake Chocolate Fudge Frozen", "cnid": "997", "productId": "30030", "size": "19.6 oz box"},
{"thumb": "http://i4.peapod.com/c/KK/KKNHZ.gif", "price": "379", "unit_price": "$.32/ oz", "name": "Pepperidge Farm Garlic Bread Five Cheese Frozen", "cnid": "997", "productId": "95826", "size": "11.7 oz pkg"},
{"thumb": "http://i4.peapod.com/c/KK/KKNHZ.gif", "price": "299", "unit_price": "$.30/ oz", "name": "Pepperidge Farm Garlic Bread Frozen", "cnid": "997", "productId": "24361", "size": "10 oz pkg"},
{"thumb": "http://i4.peapod.com/c/KK/KKNHZ.gif", "price": "559", "unit_price": "$.32/ oz", "name": "Pepperidge Farm Puff Pastry Sheets - 2 ct Frozen", "cnid": "997", "productId": "30027", "size": "17.3 oz box"},
{"thumb": "http://i4.peapod.com/c/KK/KKNHZ.gif", "price": "459", "unit_price": "$.46/ oz", "name": "Pepperidge Farm Puff Pastry Shells - 6 ct Frozen", "cnid": "997", "productId": "7259", "size": "10 oz box"},
{"thumb": "http://i4.peapod.com/c/KK/KKNHZ.gif", "price": "250", "unit_price": "$.20/ oz", "name": "Pepperidge Farm Puff Pastry Turnovers Apple - 4 ct Frozen", "cnid": "997", "productId": "7258", "size": "12.5 oz box"},
{"thumb": "http://i4.peapod.com/c/KK/KKNHZ.gif", "price": "350", "unit_price": "$.25/ oz", "name": "Pepperidge Farm Stone Baked Artisan Dinner Rolls French - 8 ct Frozen", "cnid": "997", "productId": "165157", "size": "14 oz pkg"},
{"thumb": "http://i4.peapod.com/c/KK/KKNHZ.gif", "price": "369", "unit_price": "$.33/ oz", "name": "Pepperidge Farm Texas Toast Garlic - 8 ct Frozen", "cnid": "997", "productId": "101426", "size": "11.2 oz box"},
{"thumb": "http://i4.peapod.com/c/KK/KKNHZ.gif", "price": "869", "unit_price": "$.29/ oz", "name": "Sara Lee Cheesecake New York Style Frozen", "cnid": "997", "productId": "120638", "size": "30 oz box"},
{"thumb": "http://i4.peapod.com/c/KK/KKNHZ.gif", "price": "499", "unit_price": "$.46/ oz", "name": "Sara Lee Pound Cake All Butter Frozen", "cnid": "997", "productId": "3084", "size": "10.7 oz pkg"},
{"thumb": "http://i4.peapod.com/c/KK/KKNHZ.gif", "price": "649", "unit_price": "$.41/ oz", "name": "Sara Lee Pound Cake Butter Family Size Frozen", "cnid": "997", "productId": "3088", "size": "16 oz pkg"},
{"thumb": "http://i4.peapod.com/c/KK/KKNHZ.gif", "price": "469", "unit_price": "$.06/ oz", "name": "Stop & Shop Bread Dough White - 5 Loaves Frozen", "cnid": "997", "productId": "162061", "size": "80 oz pkg"},
{"thumb": "http://i4.peapod.com/c/KK/KKNHZ.gif", "price": "599", "unit_price": "$.43/ oz", "name": "Udi's Gluten Free Bagels Plain - 4 ct Frozen", "cnid": "997", "productId": "161580", "size": "14 oz pkg"},
{"thumb": "http://i4.peapod.com/c/KK/KKNHZ.gif", "price": "599", "unit_price": "$.50/ oz", "name": "Udi's Gluten Free Bread White Sandwich Frozen", "cnid": "997", "productId": "161579", "size": "12 oz pkg"},
{"thumb": "http://i4.peapod.com/c/KK/KKNHZ.gif", "price": "449", "unit_price": "$.56/ oz", "name": "Vitalicious VitaMuffin Deep Chocolate All Natural - 4 ct Frozen", "cnid": "997", "productId": "137791", "size": "8 oz box"},
{"thumb": "http://i4.peapod.com/c/KK/KKNHZ.gif", "price": "449", "unit_price": "$.56/ oz", "name": "Vitalicious VitaMuffin VitaTops BlueBran Natural - 4 ct Frozen", "cnid": "997", "productId": "154792", "size": "8 oz box"},
{"thumb": "http://i4.peapod.com/c/KK/KKNHZ.gif", "price": "449", "unit_price": "$.56/ oz", "name": "Vitalicious VitaMuffin VitaTops CranBran Natural - 4 ct Frozen", "cnid": "997", "productId": "154791", "size": "8 oz box"},
{"thumb": "http://i4.peapod.com/c/KK/KKNHZ.gif", "price": "449", "unit_price": "$.56/ oz", "name": "Vitalicious VitaMuffin VitaTops Deep Chocolate Natural - 4 ct Frozen", "cnid": "997", "productId": "146853", "size": "8 oz box"},
{"thumb": "http://i4.peapod.com/c/KK/KKNHZ.gif", "price": "250", "unit_price": "$.30/ oz", "name": "Weight Watchers Smart Ones Chocolate Chip Cookie Dough Sundae-4 ct Frozen", "cnid": "997", "productId": "185999", "size": "8.44 oz box"},
{"thumb": "http://i4.peapod.com/c/KK/KKNHZ.gif", "price": "250", "unit_price": "$.32/ oz", "name": "Weight Watchers Smart Ones Smart Delights Double Fudge Cake - 4 ct Frozen", "cnid": "997", "productId": "186000", "size": "7.76 oz pkg"},
{"thumb": "http://i4.peapod.com/c/KK/KKNHZ.gif", "price": "279", "unit_price": "$.47/ oz", "name": "Amy's Breakfast Burrito Made with Organic Black Beans & Tomatoes", "cnid": "1003", "productId": "47726", "size": "6 oz pkg"},
{"thumb": "http://i4.peapod.com/c/KK/KKNHZ.gif", "price": "250", "unit_price": "$.20/ oz", "name": "Aunt Jemima French Toast Cinnamon - 6 ct", "cnid": "1003", "productId": "2870", "size": "12.5 oz box"},
{"thumb": "http://i4.peapod.com/c/KK/KKNHZ.gif", "price": "250", "unit_price": "$.20/ oz", "name": "Aunt Jemima French Toast Homestyle - 6 ct", "cnid": "1003", "productId": "22810", "size": "12.5 oz box"},
{"thumb": "http://i4.peapod.com/c/KK/KKNHZ.gif", "price": "250", "unit_price": "$.20/ oz", "name": "Aunt Jemima French Toast Sticks Cinnamon - 16 ct", "cnid": "1003", "productId": "105945", "size": "12.5 oz box"},
{"thumb": "http://i4.peapod.com/c/KK/KKNHZ.gif", "price": "185", "unit_price": "$.31/ oz", "name": "Aunt Jemima Great Starts Pancakes & Sausage", "cnid": "1003", "productId": "7236", "size": "6 oz box"},
{"thumb": "http://i4.peapod.com/c/KK/KKNHZ.gif", "price": "185", "unit_price": "$.35/ oz", "name": "Aunt Jemima Great Starts Scrambled Eggs & Bacon with Hash Brown Potatoes", "cnid": "1003", "productId": "7233", "size": "5.25 oz box"},
{"thumb": "http://i4.peapod.com/c/KK/KKNHZ.gif", "price": "250", "unit_price": "$.17/ oz", "name": "Aunt Jemima Pancakes Blueberry - 12 ct", "cnid": "1003", "productId": "158022", "size": "14.8 oz box"},
{"thumb": "http://i4.peapod.com/c/KK/KKNHZ.gif", "price": "250", "unit_price": "$.18/ oz", "name": "Aunt Jemima Pancakes Buttermilk - 12 ct", "cnid": "1003", "productId": "2869", "size": "13.7 oz box"},
{"thumb": "http://i4.peapod.com/c/KK/KKNHZ.gif", "price": "250", "unit_price": "$.18/ oz", "name": "Aunt Jemima Pancakes Homestyle - 12 ct", "cnid": "1003", "productId": "2871", "size": "13.7 oz box"},
{"thumb": "http://i4.peapod.com/c/KK/KKNHZ.gif", "price": "250", "unit_price": "$.17/ oz", "name": "Aunt Jemima Pancakes Mini - 40 ct", "cnid": "1003", "productId": "105946", "size": "14.5 oz box"},
{"thumb": "http://i4.peapod.com/c/KK/KKNHZ.gif", "price": "399", "unit_price": "$.31/ oz", "name": "Golden Blintzes Apple Raisin - 6 ct Frozen", "cnid": "1003", "productId": "160846", "size": "13 oz box"},
{"thumb": "http://i4.peapod.com/c/KK/KKNHZ.gif", "price": "399", "unit_price": "$.31/ oz", "name": "Golden Blintzes Blueberry All Natural - 6 ct Frozen", "cnid": "1003", "productId": "18230", "size": "13 oz box"},
{"thumb": "http://i4.peapod.com/c/KK/KKNHZ.gif", "price": "399", "unit_price": "$.31/ oz", "name": "Golden Blintzes Cheese - 6 ct Frozen", "cnid": "1003", "productId": "18229", "size": "13 oz box"},
{"thumb": "http://i4.peapod.com/c/KK/KKNHZ.gif", "price": "399", "unit_price": "$.31/ oz", "name": "Golden Blintzes Potato - 6 ct Frozen", "cnid": "1003", "productId": "160845", "size": "13 oz box"},
{"thumb": "http://i4.peapod.com/c/KK/KKNHZ.gif", "price": "629", "unit_price": "$.35/ oz", "name": "Jimmy Dean Biscuit Sandwiches Sausage, Egg & Cheese - 4 ct", "cnid": "1003", "productId": "155944", "size": "18 oz box"},
{"thumb": "http://i4.peapod.com/c/KK/KKNHZ.gif", "price": "629", "unit_price": "$.37/ oz", "name": "Jimmy Dean Biscuits Sausage Snack Size - 10 ct", "cnid": "1003", "productId": "162945", "size": "17 oz box"},
{"thumb": "http://i4.peapod.com/c/KK/KKNHZ.gif", "price": "329", "unit_price": "$.41/ oz", "name": "Jimmy Dean Breakfast Bowls Sausage", "cnid": "1003", "productId": "153133", "size": "8 oz pkg"},
{"thumb": "http://i4.peapod.com/c/KK/KKNHZ.gif", "price": "629", "unit_price": "$.35/ oz", "name": "Jimmy Dean Croissant Sandwiches with Sausage, Egg & Cheese - 4 ct", "cnid": "1003", "productId": "160666", "size": "18 oz box"},
{"thumb": "http://i4.peapod.com/c/KK/KKNHZ.gif", "price": "669", "unit_price": "$.37/ oz", "name": "Jimmy Dean Delights Honey Wheat Muffin Canadian Bacon Egg White Cheese 4ct", "cnid": "1003", "productId": "153149", "size": "18 oz pkg"},
{"thumb": "http://i4.peapod.com/c/KK/KKNHZ.gif", "price": "669", "unit_price": "$.33/ oz", "name": "Jimmy Dean Delights Muffin Sandwich Turkey Sausage, Egg White, Cheese-4 ct", "cnid": "1003", "productId": "153148", "size": "20.4 oz box"},
{"thumb": "http://i4.peapod.com/c/KK/KKNHZ.gif", "price": "629", "unit_price": "$.34/ oz", "name": "Jimmy Dean Muffin Sandwiches with Sausage, Egg & Cheese - 4 ct", "cnid": "1003", "productId": "160567", "size": "18.4 oz box"},
{"thumb": "http://i4.peapod.com/c/KK/KKNHZ.gif", "price": "399", "unit_price": "$.46/ oz", "name": "Jimmy Dean Omelets Three Cheese - 2 ct", "cnid": "1003", "productId": "162458", "size": "8.6 oz box"},
{"thumb": "http://i4.peapod.com/c/KK/KKNHZ.gif", "price": "369", "unit_price": "$.35/ oz", "name": "Kashi Waffles Blueberry All Natural - 8 ct", "cnid": "1003", "productId": "129429", "size": "10.6 oz box"},
{"thumb": "http://i4.peapod.com/c/KK/KKNHZ.gif", "price": "319", "unit_price": "$.23/ oz", "name": "Kellogg's Eggo Pancakes Buttermilk Minis - 40 ct", "cnid": "1003", "productId": "139323", "size": "14.1 oz box"},
{"thumb": "http://i4.peapod.com/c/KK/KKNHZ.gif", "price": "319", "unit_price": "$.22/ oz", "name": "Kellogg's Eggo Pancakes Chocolate Chip - 12 ct", "cnid": "1003", "productId": "154312", "size": "14.8 oz box"},
{"thumb": "http://i4.peapod.com/c/KK/KKNHZ.gif", "price": "319", "unit_price": "$.26/ oz", "name": "Kellogg's Eggo Waffles Blueberry - 10 ct", "cnid": "1003", "productId": "3940", "size": "12.3 oz box"},
{"thumb": "http://i4.peapod.com/c/KK/KKNHZ.gif", "price": "569", "unit_price": "$.19/ oz", "name": "Kellogg's Eggo Waffles Blueberry Family Pack - 24 ct", "cnid": "1003", "productId": "162947", "size": "29.6 oz box"},
{"thumb": "http://i4.peapod.com/c/KK/KKNHZ.gif", "price": "319", "unit_price": "$.26/ oz", "name": "Kellogg's Eggo Waffles Buttermilk - 10 ct", "cnid": "1003", "productId": "3935", "size": "12.3 oz box"},
{"thumb": "http://i4.peapod.com/c/KK/KKNHZ.gif", "price": "319", "unit_price": "$.26/ oz", "name": "Kellogg's Eggo Waffles Chocolate Chip - 10 ct", "cnid": "1003", "productId": "110495", "size": "12.3 oz box"},
{"thumb": "http://i4.peapod.com/c/KK/KKNHZ.gif", "price": "569", "unit_price": "$.22/ oz", "name": "Kellogg's Eggo Waffles Cinnamon Toast Family Pack - 24 ct", "cnid": "1003", "productId": "163085", "size": "25.8 oz box"},
{"thumb": "http://i4.peapod.com/c/KK/KKNHZ.gif", "price": "319", "unit_price": "$.25/ oz", "name": "Kellogg's Eggo Waffles French Toast - 8 ct", "cnid": "1003", "productId": "148501", "size": "12.6 oz box"},
{"thumb": "http://i4.peapod.com/c/KK/KKNHZ.gif", "price": "319", "unit_price": "$.26/ oz", "name": "Kellogg's Eggo Waffles Homestyle - 10 ct", "cnid": "1003", "productId": "3937", "size": "12.3 oz box"},
{"thumb": "http://i4.peapod.com/c/KK/KKNHZ.gif", "price": "319", "unit_price": "$.29/ oz", "name": "Kellogg's Eggo Waffles Homestyle Minis - 10 ct", "cnid": "1003", "productId": "133615", "size": "10.9 oz box"},
{"thumb": "http://i4.peapod.com/c/KK/KKNHZ.gif", "price": "319", "unit_price": "$.30/ oz", "name": "Kellogg's Eggo Waffles Miniature Cinnamon Toast - 10 ct", "cnid": "1003", "productId": "34109", "size": "10.7 oz box"},
{"thumb": "http://i4.peapod.com/c/KK/KKNHZ.gif", "price": "329", "unit_price": "$.27/ oz", "name": "Kellogg's Eggo Waffles Nutri-Grain Blueberry - 10 ct", "cnid": "1003", "productId": "153295", "size": "12.3 oz box"},
{"thumb": "http://i4.peapod.com/c/KK/KKNHZ.gif", "price": "329", "unit_price": "$.27/ oz", "name": "Kellogg's Eggo Waffles Nutri-Grain Honey Oat - 10 ct", "cnid": "1003", "productId": "163184", "size": "12.3 oz box"},
{"thumb": "http://i4.peapod.com/c/KK/KKNHZ.gif", "price": "329", "unit_price": "$.27/ oz", "name": "Kellogg's Eggo Waffles Nutri-Grain Low Fat - 10 ct", "cnid": "1003", "productId": "110817", "size": "12.3 oz box"},
{"thumb": "http://i4.peapod.com/c/KK/KKNHZ.gif", "price": "329", "unit_price": "$.27/ oz", "name": "Kellogg's Eggo Waffles Nutri-Grain Whole Wheat - 10 ct", "cnid": "1003", "productId": "3932", "size": "12.3 oz box"},
{"thumb": "http://i4.peapod.com/c/KK/KKNHZ.gif", "price": "319", "unit_price": "$.26/ oz", "name": "Kellogg's Eggo Waffles Strawberry - 10 ct", "cnid": "1003", "productId": "3934", "size": "12.3 oz box"},
{"thumb": "http://i4.peapod.com/c/KK/KKNHZ.gif", "price": "333", "unit_price": "$.37/ oz", "name": "Lean Pockets Breakfast Sausage, Egg & Cheese - 2 ct", "cnid": "1003", "productId": "133178", "size": "9 oz box"},
{"thumb": "http://i4.peapod.com/c/KK/KKNHZ.gif", "price": "233", "unit_price": "$.23/ oz", "name": "Pillsbury Toaster Scrambles Cheese, Egg & Bacon - 6 ct", "cnid": "1003", "productId": "94985", "size": "10 oz box"},
{"thumb": "http://i4.peapod.com/c/KK/KKNHZ.gif", "price": "233", "unit_price": "$.20/ oz", "name": "Pillsbury Toaster Strudel Apple - 6 ct", "cnid": "1003", "productId": "12093", "size": "11.5 oz box"},
{"thumb": "http://i4.peapod.com/c/KK/KKNHZ.gif", "price": "233", "unit_price": "$.20/ oz", "name": "Pillsbury Toaster Strudel Cinnamon Roll Made with Cinnabon Cinnamon - 6 ct", "cnid": "1003", "productId": "12094", "size": "11.5 oz box"},
{"thumb": "http://i4.peapod.com/c/KK/KKNHZ.gif", "price": "233", "unit_price": "$.20/ oz", "name": "Pillsbury Toaster Strudel Raspberry - 6 ct", "cnid": "1003", "productId": "24885", "size": "11.5 oz box"},
{"thumb": "http://i4.peapod.com/c/KK/KKNHZ.gif", "price": "233", "unit_price": "$.20/ oz", "name": "Pillsbury Toaster Strudel Strawberry - 6 ct", "cnid": "1003", "productId": "12095", "size": "11.5 oz box"},
{"thumb": "http://i4.peapod.com/c/KK/KKNHZ.gif", "price": "429", "unit_price": "$.30/ oz", "name": "Stop & Shop Biscuit Sandwiches Bacon, Egg & Cheese - 4 ct", "cnid": "1003", "productId": "174862", "size": "14.4 oz box"},
{"thumb": "http://i4.peapod.com/c/KK/KKNHZ.gif", "price": "250", "unit_price": "$.16/ oz", "name": "Stop & Shop French Toast Sticks Double Cinnamon", "cnid": "1003", "productId": "162062", "size": "16 oz box"},
{"thumb": "http://i4.peapod.com/c/KK/KKNHZ.gif", "price": "167", "unit_price": "$.14/ oz", "name": "Stop & Shop Waffles Buttermilk - 10 ct", "cnid": "1003", "productId": "156873", "size": "12.3 oz box"},
{"thumb": "http://i4.peapod.com/c/KK/KKNHZ.gif", "price": "279", "unit_price": "$.33/ oz", "name": "Van's Organics Waffles Blueberry with a Vitamin Boost All Natural - 6 ct", "cnid": "1003", "productId": "122953", "size": "8.5 oz box"},
{"thumb": "http://i4.peapod.com/c/KK/KKNHZ.gif", "price": "279", "unit_price": "$.33/ oz", "name": "Van's Waffles Blueberry Wheat & Gluten Free All Natural - 6 ct", "cnid": "1003", "productId": "135276", "size": "8.5 oz box"},
{"thumb": "http://i4.peapod.com/c/KK/KKNHZ.gif", "price": "279", "unit_price": "$.35/ oz", "name": "Van's Waffles Lite 97% Fat Free All Natural - 6 ct", "cnid": "1003", "productId": "129431", "size": "8 oz box"},
{"thumb": "http://i4.peapod.com/c/KK/KKNHZ.gif", "price": "279", "unit_price": "$.31/ oz", "name": "Van's Waffles Wheat & Gluten Free All Natural - 6 ct", "cnid": "1003", "productId": "146503", "size": "9 oz box"},
{"thumb": "http://i4.peapod.com/c/KK/KKNHZ.gif", "price": "300", "unit_price": "$.38/ oz", "name": "Weight Watchers Smart Ones English Muffin Sandwich Egg Whites & Cheese 2ct", "cnid": "1003", "productId": "152620", "size": "8 oz box"},
{"thumb": "http://i4.peapod.com/c/KK/KKNHZ.gif", "price": "300", "unit_price": "$.38/ oz", "name": "Weight Watchers Smart Ones Morning Express Breakfast Quesadillas - 2ct", "cnid": "1003", "productId": "152560", "size": "8 oz box"},
{"thumb": "http://i4.peapod.com/c/KK/KKNHZ.gif", "price": "300", "unit_price": "$.46/ oz", "name": "Weight Watchers Smart Ones Morning Express Cheesy Scramble w/Hash Browns", "cnid": "1003", "productId": "166178", "size": "6.49 oz box"},
{"thumb": "http://i4.peapod.com/c/KK/KKNHZ.gif", "price": "259", "unit_price": "$.22/ oz", "name": "Minute Maid Premium 100% Orange Juice Original Concentrated Frozen", "cnid": "1021", "productId": "2303", "size": "12 oz can"},
{"thumb": "http://i4.peapod.com/c/KK/KKNHZ.gif", "price": "199", "unit_price": "$.17/ oz", "name": "Minute Maid Premium Limeade Concentrated Frozen", "cnid": "1021", "productId": "10982", "size": "12 oz can"},
{"thumb": "http://i4.peapod.com/c/KK/KKNHZ.gif", "price": "199", "unit_price": "$.17/ oz", "name": "Minute Maid Premium Pink Lemonade Concentrated Frozen", "cnid": "1021", "productId": "47827", "size": "12 oz can"},
{"thumb": "http://i4.peapod.com/c/KK/KKNHZ.gif", "price": "179", "unit_price": "$.15/ oz", "name": "Stop & Shop 100% Apple Juice Unsweetened Concentrate All Natural Frozen", "cnid": "1021", "productId": "57051", "size": "12 oz can"},
{"thumb": "http://i4.peapod.com/c/KK/KKNHZ.gif", "price": "239", "unit_price": "$.20/ oz", "name": "Stop & Shop 100% Pure Orange Juice Original Concentrate All Natural Frozen", "cnid": "1021", "productId": "57048", "size": "12 oz can"},
{"thumb": "http://i4.peapod.com/c/KK/KKNHZ.gif", "price": "199", "unit_price": "$.17/ oz", "name": "Stop & Shop Grape Juice Concentrate Frozen", "cnid": "1021", "productId": "173318", "size": "12 oz can"},
{"thumb": "http://i4.peapod.com/c/KK/KKNHZ.gif", "price": "249", "unit_price": "$.22/ oz", "name": "Welch's 100% Grape Juice Concentrate Frozen", "cnid": "1021", "productId": "44064", "size": "11.5 oz can"},
{"thumb": "http://i4.peapod.com/c/KK/KKNHZ.gif", "price": "249", "unit_price": "$.22/ oz", "name": "Welch's 100% White Grape Peach Juice Blend Concentrate Frozen", "cnid": "1021", "productId": "44165", "size": "11.5 oz can"},
{"thumb": "http://i4.peapod.com/c/KK/KKNHZ.gif", "price": "249", "unit_price": "$.22/ oz", "name": "Welch's 100% White Grape Raspberry Juice Blend Concentrate Frozen", "cnid": "1021", "productId": "43893", "size": "11.5 oz can"},
{"thumb": "http://i4.peapod.com/c/KK/KKNHZ.gif", "price": "519", "unit_price": "$.37/ oz", "name": "Bagel Bites Cheese & Pepperoni - 18 ct", "cnid": "996", "productId": "77446", "size": "14 oz box"},
{"thumb": "http://i4.peapod.com/c/KK/KKNHZ.gif", "price": "519", "unit_price": "$.37/ oz", "name": "Bagel Bites Three Cheese - 18 ct", "cnid": "996", "productId": "77445", "size": "14 oz box"},
{"thumb": "http://i4.peapod.com/c/KK/KKNHZ.gif", "price": "200", "unit_price": "$.29/ oz", "name": "Bagel Bites Three Cheese - 9 ct", "cnid": "996", "productId": "17695", "size": "7 oz box"},
{"thumb": "http://i4.peapod.com/c/KK/KKNHZ.gif", "price": "329", "unit_price": "$.33/ oz", "name": "Hot Pockets Snackers Fiesta Nacho Bites - 12 ct", "cnid": "996", "productId": "162424", "size": "10 oz pkg"},
{"thumb": "http://i4.peapod.com/c/KK/KKNHZ.gif", "price": "329", "unit_price": "$.33/ oz", "name": "Hot Pockets Snackers Toasted Ravioli Five Cheese - 12 ct", "cnid": "996", "productId": "162425", "size": "10 oz pkg"},
{"thumb": "http://i4.peapod.com/c/KK/KKNHZ.gif", "price": "100", "unit_price": "$.20/ oz", "name": "Jose Ole Chimichanga Chicken & Cheese", "cnid": "996", "productId": "161959", "size": "5 oz pkg"},
{"thumb": "http://i4.peapod.com/c/KK/KKNHZ.gif", "price": "519", "unit_price": "$.32/ oz", "name": "Nature's Promise Naturals Potstickers Shrimp, Chicken & Vegetable Frozen", "cnid": "996", "productId": "157208", "size": "16 oz pkg"},
{"thumb": "http://i4.peapod.com/c/KK/KKNHZ.gif", "price": "599", "unit_price": "$.50/ oz", "name": "Simply Enjoy Hors D'Oeuvres Spanakopita Spinach & Feta Cheese 12 ct Frozen", "cnid": "996", "productId": "143339", "size": "12 oz box"},
{"thumb": "http://i4.peapod.com/c/KK/KKNHZ.gif", "price": "519", "unit_price": "$.32/ oz", "name": "Stop & Shop Potstickers Chicken & Vegetable Frozen", "cnid": "996", "productId": "187485", "size": "16 oz pkg"},
{"thumb": "http://i4.peapod.com/c/KK/KKNHZ.gif", "price": "519", "unit_price": "$.32/ oz", "name": "Stop & Shop Potstickers Pork & Vegetable Chinese-Style Frozen", "cnid": "996", "productId": "190389", "size": "16 oz pkg"},
{"thumb": "http://i4.peapod.com/c/KK/KKNHZ.gif", "price": "519", "unit_price": "$.32/ oz", "name": "Stop & Shop Potstickers Vegetable Frozen", "cnid": "996", "productId": "190390", "size": "16 oz pkg"},
{"thumb": "http://i4.peapod.com/c/KK/KKNHZ.gif", "price": "300", "unit_price": "$.23/ oz", "name": "SuperPretzel Soft Pretzel - 6 ct", "cnid": "996", "productId": "8874", "size": "13 oz box"},
{"thumb": "http://i4.peapod.com/c/KK/KKNHZ.gif", "price": "399", "unit_price": "$.50/ oz", "name": "T.G.I. Friday's Dip Spinach, Cheese & Artichoke", "cnid": "996", "productId": "105326", "size": "8 oz box"},
{"thumb": "http://i4.peapod.com/c/KK/KKNHZ.gif", "price": "999", "unit_price": "$.45/ oz", "name": "T.G.I. Friday's Loaded Potato Skins Cheddar & Bacon", "cnid": "996", "productId": "192971", "size": "22.3 oz box"},
{"thumb": "http://i4.peapod.com/c/KK/KKNHZ.gif", "price": "399", "unit_price": "$.36/ oz", "name": "T.G.I. Friday's Mozzarella Sticks with Marinara Sauce", "cnid": "996", "productId": "118342", "size": "11 oz box"},
{"thumb": "http://i4.peapod.com/c/KK/KKNHZ.gif", "price": "999", "unit_price": "$.33/ oz", "name": "T.G.I. Friday's Mozzarella Sticks with Marinara Sauce Value Size", "cnid": "996", "productId": "122813", "size": "30 oz box"},
{"thumb": "http://i4.peapod.com/c/KK/KKNHZ.gif", "price": "399", "unit_price": "$.52/ oz", "name": "T.G.I. Friday's Potato Skins Cheddar & Bacon", "cnid": "996", "productId": "111651", "size": "7.6 oz box"},
{"thumb": "http://i4.peapod.com/c/KK/KKNHZ.gif", "price": "999", "unit_price": "$.39/ oz", "name": "T.G.I. Friday's Quesadillas Rolls Chicken", "cnid": "996", "productId": "148973", "size": "25.5 oz box"},
{"thumb": "http://i4.peapod.com/c/KK/KKNHZ.gif", "price": "229", "unit_price": "$.31/ oz", "name": "Totino's Pizza Rolls Cheese - 15 ct", "cnid": "996", "productId": "99814", "size": "7.5 oz box"},
{"thumb": "http://i4.peapod.com/c/KK/KKNHZ.gif", "price": "229", "unit_price": "$.31/ oz", "name": "Totino's Pizza Rolls Pepperoni -15 ct", "cnid": "996", "productId": "40281", "size": "7.5 oz box"},
{"thumb": "http://i4.peapod.com/c/KK/KKNHZ.gif", "price": "519", "unit_price": "$.37/ oz", "name": "Bagel Bites Cheese & Pepperoni - 18 ct", "cnid": "1066202020262054431", "productId": "77446", "size": "14 oz box"},
{"thumb": "http://i4.peapod.com/c/KK/KKNHZ.gif", "price": "519", "unit_price": "$.37/ oz", "name": "Bagel Bites Three Cheese - 18 ct", "cnid": "1066202020262054431", "productId": "77445", "size": "14 oz box"},
{"thumb": "http://i4.peapod.com/c/KK/KKNHZ.gif", "price": "200", "unit_price": "$.29/ oz", "name": "Bagel Bites Three Cheese - 9 ct", "cnid": "1066202020262054431", "productId": "17695", "size": "7 oz box"},
{"thumb": "http://i4.peapod.com/c/KK/KKNHZ.gif", "price": "329", "unit_price": "$.33/ oz", "name": "Hot Pockets Snackers Fiesta Nacho Bites - 12 ct", "cnid": "1066202020262054431", "productId": "162424", "size": "10 oz pkg"},
{"thumb": "http://i4.peapod.com/c/KK/KKNHZ.gif", "price": "329", "unit_price": "$.33/ oz", "name": "Hot Pockets Snackers Toasted Ravioli Five Cheese - 12 ct", "cnid": "1066202020262054431", "productId": "162425", "size": "10 oz pkg"},
{"thumb": "http://i4.peapod.com/c/KK/KKNHZ.gif", "price": "100", "unit_price": "$.20/ oz", "name": "Jose Ole Chimichanga Chicken & Cheese", "cnid": "1066202020262054431", "productId": "161959", "size": "5 oz pkg"},
{"thumb": "http://i4.peapod.com/c/KK/KKNHZ.gif", "price": "519", "unit_price": "$.32/ oz", "name": "Nature's Promise Naturals Potstickers Shrimp, Chicken & Vegetable Frozen", "cnid": "1066202020262054431", "productId": "157208", "size": "16 oz pkg"},
{"thumb": "http://i4.peapod.com/c/KK/KKNHZ.gif", "price": "599", "unit_price": "$.50/ oz", "name": "Simply Enjoy Hors D'Oeuvres Spanakopita Spinach & Feta Cheese 12 ct Frozen", "cnid": "1066202020262054431", "productId": "143339", "size": "12 oz box"},
{"thumb": "http://i4.peapod.com/c/KK/KKNHZ.gif", "price": "519", "unit_price": "$.32/ oz", "name": "Stop & Shop Potstickers Chicken & Vegetable Frozen", "cnid": "1066202020262054431", "productId": "187485", "size": "16 oz pkg"},
{"thumb": "http://i4.peapod.com/c/KK/KKNHZ.gif", "price": "519", "unit_price": "$.32/ oz", "name": "Stop & Shop Potstickers Pork & Vegetable Chinese-Style Frozen", "cnid": "1066202020262054431", "productId": "190389", "size": "16 oz pkg"},
{"thumb": "http://i4.peapod.com/c/KK/KKNHZ.gif", "price": "519", "unit_price": "$.32/ oz", "name": "Stop & Shop Potstickers Vegetable Frozen", "cnid": "1066202020262054431", "productId": "190390", "size": "16 oz pkg"},
{"thumb": "http://i4.peapod.com/c/KK/KKNHZ.gif", "price": "300", "unit_price": "$.23/ oz", "name": "SuperPretzel Soft Pretzel - 6 ct", "cnid": "1066202020262054431", "productId": "8874", "size": "13 oz box"},
{"thumb": "http://i4.peapod.com/c/KK/KKNHZ.gif", "price": "399", "unit_price": "$.50/ oz", "name": "T.G.I. Friday's Dip Spinach, Cheese & Artichoke", "cnid": "1066202020262054431", "productId": "105326", "size": "8 oz box"},
{"thumb": "http://i4.peapod.com/c/KK/KKNHZ.gif", "price": "999", "unit_price": "$.45/ oz", "name": "T.G.I. Friday's Loaded Potato Skins Cheddar & Bacon", "cnid": "1066202020262054431", "productId": "192971", "size": "22.3 oz box"},
{"thumb": "http://i4.peapod.com/c/KK/KKNHZ.gif", "price": "399", "unit_price": "$.36/ oz", "name": "T.G.I. Friday's Mozzarella Sticks with Marinara Sauce", "cnid": "1066202020262054431", "productId": "118342", "size": "11 oz box"},
{"thumb": "http://i4.peapod.com/c/KK/KKNHZ.gif", "price": "999", "unit_price": "$.33/ oz", "name": "T.G.I. Friday's Mozzarella Sticks with Marinara Sauce Value Size", "cnid": "1066202020262054431", "productId": "122813", "size": "30 oz box"},
{"thumb": "http://i4.peapod.com/c/KK/KKNHZ.gif", "price": "399", "unit_price": "$.52/ oz", "name": "T.G.I. Friday's Potato Skins Cheddar & Bacon", "cnid": "1066202020262054431", "productId": "111651", "size": "7.6 oz box"},
{"thumb": "http://i4.peapod.com/c/KK/KKNHZ.gif", "price": "999", "unit_price": "$.39/ oz", "name": "T.G.I. Friday's Quesadillas Rolls Chicken", "cnid": "1066202020262054431", "productId": "148973", "size": "25.5 oz box"},
{"thumb": "http://i4.peapod.com/c/KK/KKNHZ.gif", "price": "229", "unit_price": "$.31/ oz", "name": "Totino's Pizza Rolls Cheese - 15 ct", "cnid": "1066202020262054431", "productId": "99814", "size": "7.5 oz box"},
{"thumb": "http://i4.peapod.com/c/KK/KKNHZ.gif", "price": "229", "unit_price": "$.31/ oz", "name": "Totino's Pizza Rolls Pepperoni -15 ct", "cnid": "1066202020262054431", "productId": "40281", "size": "7.5 oz box"},
{"thumb": "http://i4.peapod.com/c/KK/KKNHZ.gif", "price": "519", "unit_price": "$.37/ oz", "name": "Bagel Bites Cheese & Pepperoni - 18 ct", "cnid": "1066202020262043349", "productId": "77446", "size": "14 oz box"},
{"thumb": "http://i4.peapod.com/c/KK/KKNHZ.gif", "price": "519", "unit_price": "$.37/ oz", "name": "Bagel Bites Three Cheese - 18 ct", "cnid": "1066202020262043349", "productId": "77445", "size": "14 oz box"},
{"thumb": "http://i4.peapod.com/c/KK/KKNHZ.gif", "price": "200", "unit_price": "$.29/ oz", "name": "Bagel Bites Three Cheese - 9 ct", "cnid": "1066202020262043349", "productId": "17695", "size": "7 oz box"},
{"thumb": "http://i4.peapod.com/c/KK/KKNHZ.gif", "price": "329", "unit_price": "$.33/ oz", "name": "Hot Pockets Snackers Fiesta Nacho Bites - 12 ct", "cnid": "1066202020262043349", "productId": "162424", "size": "10 oz pkg"},
{"thumb": "http://i4.peapod.com/c/KK/KKNHZ.gif", "price": "329", "unit_price": "$.33/ oz", "name": "Hot Pockets Snackers Toasted Ravioli Five Cheese - 12 ct", "cnid": "1066202020262043349", "productId": "162425", "size": "10 oz pkg"},
{"thumb": "http://i4.peapod.com/c/KK/KKNHZ.gif", "price": "100", "unit_price": "$.20/ oz", "name": "Jose Ole Chimichanga Chicken & Cheese", "cnid": "1066202020262043349", "productId": "161959", "size": "5 oz pkg"},
{"thumb": "http://i4.peapod.com/c/KK/KKNHZ.gif", "price": "519", "unit_price": "$.32/ oz", "name": "Nature's Promise Naturals Potstickers Shrimp, Chicken & Vegetable Frozen", "cnid": "1066202020262043349", "productId": "157208", "size": "16 oz pkg"},
{"thumb": "http://i4.peapod.com/c/KK/KKNHZ.gif", "price": "599", "unit_price": "$.50/ oz", "name": "Simply Enjoy Hors D'Oeuvres Spanakopita Spinach & Feta Cheese 12 ct Frozen", "cnid": "1066202020262043349", "productId": "143339", "size": "12 oz box"},
{"thumb": "http://i4.peapod.com/c/KK/KKNHZ.gif", "price": "519", "unit_price": "$.32/ oz", "name": "Stop & Shop Potstickers Chicken & Vegetable Frozen", "cnid": "1066202020262043349", "productId": "187485", "size": "16 oz pkg"},
{"thumb": "http://i4.peapod.com/c/KK/KKNHZ.gif", "price": "519", "unit_price": "$.32/ oz", "name": "Stop & Shop Potstickers Pork & Vegetable Chinese-Style Frozen", "cnid": "1066202020262043349", "productId": "190389", "size": "16 oz pkg"},
{"thumb": "http://i4.peapod.com/c/KK/KKNHZ.gif", "price": "519", "unit_price": "$.32/ oz", "name": "Stop & Shop Potstickers Vegetable Frozen", "cnid": "1066202020262043349", "productId": "190390", "size": "16 oz pkg"},
{"thumb": "http://i4.peapod.com/c/KK/KKNHZ.gif", "price": "300", "unit_price": "$.23/ oz", "name": "SuperPretzel Soft Pretzel - 6 ct", "cnid": "1066202020262043349", "productId": "8874", "size": "13 oz box"},
{"thumb": "http://i4.peapod.com/c/KK/KKNHZ.gif", "price": "399", "unit_price": "$.50/ oz", "name": "T.G.I. Friday's Dip Spinach, Cheese & Artichoke", "cnid": "1066202020262043349", "productId": "105326", "size": "8 oz box"},
{"thumb": "http://i4.peapod.com/c/KK/KKNHZ.gif", "price": "999", "unit_price": "$.45/ oz", "name": "T.G.I. Friday's Loaded Potato Skins Cheddar & Bacon", "cnid": "1066202020262043349", "productId": "192971", "size": "22.3 oz box"},
{"thumb": "http://i4.peapod.com/c/KK/KKNHZ.gif", "price": "399", "unit_price": "$.36/ oz", "name": "T.G.I. Friday's Mozzarella Sticks with Marinara Sauce", "cnid": "1066202020262043349", "productId": "118342", "size": "11 oz box"},
{"thumb": "http://i4.peapod.com/c/KK/KKNHZ.gif", "price": "999", "unit_price": "$.33/ oz", "name": "T.G.I. Friday's Mozzarella Sticks with Marinara Sauce Value Size", "cnid": "1066202020262043349", "productId": "122813", "size": "30 oz box"},
{"thumb": "http://i4.peapod.com/c/KK/KKNHZ.gif", "price": "399", "unit_price": "$.52/ oz", "name": "T.G.I. Friday's Potato Skins Cheddar & Bacon", "cnid": "1066202020262043349", "productId": "111651", "size": "7.6 oz box"},
{"thumb": "http://i4.peapod.com/c/KK/KKNHZ.gif", "price": "999", "unit_price": "$.39/ oz", "name": "T.G.I. Friday's Quesadillas Rolls Chicken", "cnid": "1066202020262043349", "productId": "148973", "size": "25.5 oz box"},
{"thumb": "http://i4.peapod.com/c/KK/KKNHZ.gif", "price": "229", "unit_price": "$.31/ oz", "name": "Totino's Pizza Rolls Cheese - 15 ct", "cnid": "1066202020262043349", "productId": "99814", "size": "7.5 oz box"},
{"thumb": "http://i4.peapod.com/c/KK/KKNHZ.gif", "price": "229", "unit_price": "$.31/ oz", "name": "Totino's Pizza Rolls Pepperoni -15 ct", "cnid": "1066202020262043349", "productId": "40281", "size": "7.5 oz box"},
{"thumb": "http://i4.peapod.com/c/KK/KKNHZ.gif", "price": "519", "unit_price": "$.37/ oz", "name": "Bagel Bites Cheese & Pepperoni - 18 ct", "cnid": "10662020262035045", "productId": "77446", "size": "14 oz box"},
{"thumb": "http://i4.peapod.com/c/KK/KKNHZ.gif", "price": "519", "unit_price": "$.37/ oz", "name": "Bagel Bites Three Cheese - 18 ct", "cnid": "10662020262035045", "productId": "77445", "size": "14 oz box"},
{"thumb": "http://i4.peapod.com/c/KK/KKNHZ.gif", "price": "200", "unit_price": "$.29/ oz", "name": "Bagel Bites Three Cheese - 9 ct", "cnid": "10662020262035045", "productId": "17695", "size": "7 oz box"},
{"thumb": "http://i4.peapod.com/c/KK/KKNHZ.gif", "price": "329", "unit_price": "$.33/ oz", "name": "Hot Pockets Snackers Fiesta Nacho Bites - 12 ct", "cnid": "10662020262035045", "productId": "162424", "size": "10 oz pkg"},
{"thumb": "http://i4.peapod.com/c/KK/KKNHZ.gif", "price": "329", "unit_price": "$.33/ oz", "name": "Hot Pockets Snackers Toasted Ravioli Five Cheese - 12 ct", "cnid": "10662020262035045", "productId": "162425", "size": "10 oz pkg"},
{"thumb": "http://i4.peapod.com/c/KK/KKNHZ.gif", "price": "100", "unit_price": "$.20/ oz", "name": "Jose Ole Chimichanga Chicken & Cheese", "cnid": "10662020262035045", "productId": "161959", "size": "5 oz pkg"},
{"thumb": "http://i4.peapod.com/c/KK/KKNHZ.gif", "price": "519", "unit_price": "$.32/ oz", "name": "Nature's Promise Naturals Potstickers Shrimp, Chicken & Vegetable Frozen", "cnid": "10662020262035045", "productId": "157208", "size": "16 oz pkg"},
{"thumb": "http://i4.peapod.com/c/KK/KKNHZ.gif", "price": "599", "unit_price": "$.50/ oz", "name": "Simply Enjoy Hors D'Oeuvres Spanakopita Spinach & Feta Cheese 12 ct Frozen", "cnid": "10662020262035045", "productId": "143339", "size": "12 oz box"},
{"thumb": "http://i4.peapod.com/c/KK/KKNHZ.gif", "price": "519", "unit_price": "$.32/ oz", "name": "Stop & Shop Potstickers Chicken & Vegetable Frozen", "cnid": "10662020262035045", "productId": "187485", "size": "16 oz pkg"},
{"thumb": "http://i4.peapod.com/c/KK/KKNHZ.gif", "price": "519", "unit_price": "$.32/ oz", "name": "Stop & Shop Potstickers Pork & Vegetable Chinese-Style Frozen", "cnid": "10662020262035045", "productId": "190389", "size": "16 oz pkg"},
{"thumb": "http://i4.peapod.com/c/KK/KKNHZ.gif", "price": "519", "unit_price": "$.32/ oz", "name": "Stop & Shop Potstickers Vegetable Frozen", "cnid": "10662020262035045", "productId": "190390", "size": "16 oz pkg"},
{"thumb": "http://i4.peapod.com/c/KK/KKNHZ.gif", "price": "300", "unit_price": "$.23/ oz", "name": "SuperPretzel Soft Pretzel - 6 ct", "cnid": "10662020262035045", "productId": "8874", "size": "13 oz box"},
{"thumb": "http://i4.peapod.com/c/KK/KKNHZ.gif", "price": "399", "unit_price": "$.50/ oz", "name": "T.G.I. Friday's Dip Spinach, Cheese & Artichoke", "cnid": "10662020262035045", "productId": "105326", "size": "8 oz box"},
{"thumb": "http://i4.peapod.com/c/KK/KKNHZ.gif", "price": "999", "unit_price": "$.45/ oz", "name": "T.G.I. Friday's Loaded Potato Skins Cheddar & Bacon", "cnid": "10662020262035045", "productId": "192971", "size": "22.3 oz box"},
{"thumb": "http://i4.peapod.com/c/KK/KKNHZ.gif", "price": "399", "unit_price": "$.36/ oz", "name": "T.G.I. Friday's Mozzarella Sticks with Marinara Sauce", "cnid": "10662020262035045", "productId": "118342", "size": "11 oz box"},
{"thumb": "http://i4.peapod.com/c/KK/KKNHZ.gif", "price": "999", "unit_price": "$.33/ oz", "name": "T.G.I. Friday's Mozzarella Sticks with Marinara Sauce Value Size", "cnid": "10662020262035045", "productId": "122813", "size": "30 oz box"},
{"thumb": "http://i4.peapod.com/c/KK/KKNHZ.gif", "price": "399", "unit_price": "$.52/ oz", "name": "T.G.I. Friday's Potato Skins Cheddar & Bacon", "cnid": "10662020262035045", "productId": "111651", "size": "7.6 oz box"},
{"thumb": "http://i4.peapod.com/c/KK/KKNHZ.gif", "price": "999", "unit_price": "$.39/ oz", "name": "T.G.I. Friday's Quesadillas Rolls Chicken", "cnid": "10662020262035045", "productId": "148973", "size": "25.5 oz box"},
{"thumb": "http://i4.peapod.com/c/KK/KKNHZ.gif", "price": "229", "unit_price": "$.31/ oz", "name": "Totino's Pizza Rolls Cheese - 15 ct", "cnid": "10662020262035045", "productId": "99814", "size": "7.5 oz box"},
{"thumb": "http://i4.peapod.com/c/KK/KKNHZ.gif", "price": "229", "unit_price": "$.31/ oz", "name": "Totino's Pizza Rolls Pepperoni -15 ct", "cnid": "10662020262035045", "productId": "40281", "size": "7.5 oz box"},
{"thumb": "http://i4.peapod.com/c/KK/KKNHZ.gif", "price": "429", "unit_price": "$.24/ oz", "name": "A Taste of Thai Jasmine Rice", "cnid": "1177", "productId": "15893", "size": "17.6 oz box"},
{"thumb": "http://i4.peapod.com/c/KK/KKNHZ.gif", "price": "200", "unit_price": "$.20/ oz", "name": "Birds Eye Steamfresh Brown Rice Whole Grain All Natural", "cnid": "1177", "productId": "148842", "size": "10 oz bag"},
{"thumb": "http://i4.peapod.com/c/KK/KKNHZ.gif", "price": "539", "unit_price": "$.07/ oz", "name": "Carolina Brown Rice Whole Grain Natural", "cnid": "1177", "productId": "182195", "size": "5 lb bag"},
{"thumb": "http://i4.peapod.com/c/KK/KKNHZ.gif", "price": "95", "unit_price": "$.21/ oz", "name": "Carolina Long Grain & Wild Rice with Seasonings", "cnid": "1177", "productId": "123639", "size": "4.5 oz pkt"},
{"thumb": "http://i4.peapod.com/c/KK/KKNHZ.gif", "price": "145", "unit_price": "$.09/ oz", "name": "Carolina Rice Extra Long Grain", "cnid": "1177", "productId": "76269", "size": "16 oz bag"},
{"thumb": "http://i4.peapod.com/c/KK/KKNHZ.gif", "price": "799", "unit_price": "$.03/ oz", "name": "Carolina Rice Extra Long Grain Enriched", "cnid": "1177", "productId": "146063", "size": "20 lb bag"},
{"thumb": "http://i4.peapod.com/c/KK/KKNHZ.gif", "price": "399", "unit_price": "$.08/ oz", "name": "Carolina Rice Extra Long Grain Enriched", "cnid": "1177", "productId": "85796", "size": "3 lb bag"},
{"thumb": "http://i4.peapod.com/c/KK/KKNHZ.gif", "price": "585", "unit_price": "$.07/ oz", "name": "Carolina Rice Extra Long Grain Enriched", "cnid": "1177", "productId": "89683", "size": "5 lb bag"},
{"thumb": "http://i4.peapod.com/c/KK/KKNHZ.gif", "price": "95", "unit_price": "$.19/ oz", "name": "Carolina Rice Pilaf Classic", "cnid": "1177", "productId": "71841", "size": "5 oz pkt"},
{"thumb": "http://i4.peapod.com/c/KK/KKNHZ.gif", "price": "95", "unit_price": "$.19/ oz", "name": "Carolina Yellow Rice Mix with Seasonings", "cnid": "1177", "productId": "71846", "size": "5 oz bag"},
{"thumb": "http://i4.peapod.com/c/KK/KKNHZ.gif", "price": "219", "unit_price": "$.27/ oz", "name": "Goya Rice Mexican Style Chicken Flavor", "cnid": "1177", "productId": "14544", "size": "8 oz box"},
{"thumb": "http://i4.peapod.com/c/KK/KKNHZ.gif", "price": "219", "unit_price": "$.27/ oz", "name": "Goya Rice Seasoned with Beans Red", "cnid": "1177", "productId": "71824", "size": "8 oz box"},
{"thumb": "http://i4.peapod.com/c/KK/KKNHZ.gif", "price": "249", "unit_price": "$.18/ oz", "name": "Goya Yellow Rice Spanish Style", "cnid": "1177", "productId": "122300", "size": "14 oz box"},
{"thumb": "http://i4.peapod.com/c/KK/KKNHZ.gif", "price": "199", "unit_price": "$.25/ oz", "name": "Goya Yellow Rice Spanish Style", "cnid": "1177", "productId": "14543", "size": "8 oz box"},
{"thumb": "http://i4.peapod.com/c/KK/KKNHZ.gif", "price": "299", "unit_price": "$.15/ oz", "name": "Kashi Pilaf 7 Whole Grain - 3 ct", "cnid": "1177", "productId": "162020", "size": "19.5 oz box"},
{"thumb": "http://i4.peapod.com/c/KK/KKNHZ.gif", "price": "150", "unit_price": "$.28/ oz", "name": "Knorr Asian Sides Teriyaki Rice", "cnid": "1177", "productId": "58952", "size": "5.4 oz pkt"},
{"thumb": "http://i4.peapod.com/c/KK/KKNHZ.gif", "price": "150", "unit_price": "$.28/ oz", "name": "Knorr Fiesta Sides Mexican Rice", "cnid": "1177", "productId": "131464", "size": "5.4 oz pkt"},
{"thumb": "http://i4.peapod.com/c/KK/KKNHZ.gif", "price": "150", "unit_price": "$.27/ oz", "name": "Knorr Fiesta Sides Spanish Rice", "cnid": "1177", "productId": "4180", "size": "5.6 oz pkt"},
{"thumb": "http://i4.peapod.com/c/KK/KKNHZ.gif", "price": "150", "unit_price": "$.26/ oz", "name": "Knorr Rice Sides Cheddar Broccoli", "cnid": "1177", "productId": "4182", "size": "5.7 oz pkt"},
{"thumb": "http://i4.peapod.com/c/KK/KKNHZ.gif", "price": "150", "unit_price": "$.27/ oz", "name": "Knorr Rice Sides Chicken Broccoli Flavor", "cnid": "1177", "productId": "74932", "size": "5.5 oz pkt"},
{"thumb": "http://i4.peapod.com/c/KK/KKNHZ.gif", "price": "150", "unit_price": "$.27/ oz", "name": "Knorr Rice Sides Chicken Flavor", "cnid": "1177", "productId": "4178", "size": "5.6 oz pkt"},
{"thumb": "http://i4.peapod.com/c/KK/KKNHZ.gif", "price": "167", "unit_price": "$.31/ oz", "name": "Knorr Rice Sides Herb & Butter", "cnid": "1177", "productId": "10913", "size": "5.4 oz pkt"},
{"thumb": "http://i4.peapod.com/c/KK/KKNHZ.gif", "price": "150", "unit_price": "$.28/ oz", "name": "Knorr Rice Sides Rice Pilaf", "cnid": "1177", "productId": "10914", "size": "5.3 oz pkt"},
{"thumb": "http://i4.peapod.com/c/KK/KKNHZ.gif", "price": "319", "unit_price": "$.55/ oz", "name": "Lundberg Risotto Butternut Squash Low Fat Eco-Farmed", "cnid": "1177", "productId": "171660", "size": "5.8 oz box"},
{"thumb": "http://i4.peapod.com/c/KK/KKNHZ.gif", "price": "319", "unit_price": "$.58/ oz", "name": "Lundberg Risotto Creamy Parmesan Low Fat Gluten Free", "cnid": "1177", "productId": "116945", "size": "5.5 oz box"},
{"thumb": "http://i4.peapod.com/c/KK/KKNHZ.gif", "price": "319", "unit_price": "$.58/ oz", "name": "Lundberg Risotto Italian Herb Low Fat", "cnid": "1177", "productId": "116946", "size": "5.5 oz box"},
{"thumb": "http://i4.peapod.com/c/KK/KKNHZ.gif", "price": "265", "unit_price": "$.19/ oz", "name": "Minute Brand Instant Brown Rice Whole Grain", "cnid": "1177", "productId": "5992", "size": "14 oz box"},
{"thumb": "http://i4.peapod.com/c/KK/KKNHZ.gif", "price": "469", "unit_price": "$.17/ oz", "name": "Minute Brand Instant White Rice Long Grain Enriched", "cnid": "1177", "productId": "6003", "size": "28 oz box"},
{"thumb": "http://i4.peapod.com/c/KK/KKNHZ.gif", "price": "229", "unit_price": "$.26/ oz", "name": "Minute Ready to Serve! Brown Rice Fully Cooked Natural - 2 pk", "cnid": "1177", "productId": "144450", "size": "8.8 oz pkg"},
{"thumb": "http://i4.peapod.com/c/KK/KKNHZ.gif", "price": "229", "unit_price": "$.26/ oz", "name": "Minute Ready to Serve! White Rice Long Grain Fully Cooked - 2 pk", "cnid": "1177", "productId": "144449", "size": "8.8 oz pkg"},
{"thumb": "http://i4.peapod.com/c/KK/KKNHZ.gif", "price": "332", "unit_price": "$.10/ oz", "name": "Nature's Promise Organics Brown Rice Long Grain", "cnid": "1177", "productId": "151973", "size": "32 oz bag"},
{"thumb": "http://i4.peapod.com/c/KK/KKNHZ.gif", "price": "332", "unit_price": "$.10/ oz", "name": "Nature's Promise Organics White Rice Long Grain", "cnid": "1177", "productId": "151974", "size": "32 oz bag"},
{"thumb": "http://i4.peapod.com/c/KK/KKNHZ.gif", "price": "299", "unit_price": "$.50/ oz", "name": "Near East Long Grain & Wild Rice Mix Original 100% Natural", "cnid": "1177", "productId": "41730", "size": "6 oz box"},
{"thumb": "http://i4.peapod.com/c/KK/KKNHZ.gif", "price": "199", "unit_price": "$.32/ oz", "name": "Near East Rice Pilaf Mix Chicken Flavor 100% Natural", "cnid": "1177", "productId": "10733", "size": "6.25 oz box"},
{"thumb": "http://i4.peapod.com/c/KK/KKNHZ.gif", "price": "199", "unit_price": "$.32/ oz", "name": "Near East Rice Pilaf Mix Garlic & Herb 100% Natural", "cnid": "1177", "productId": "111681", "size": "6.3 oz box"},
{"thumb": "http://i4.peapod.com/c/KK/KKNHZ.gif", "price": "199", "unit_price": "$.33/ oz", "name": "Near East Rice Pilaf Mix Original 100% Natural", "cnid": "1177", "productId": "8656", "size": "6.09 oz box"},
{"thumb": "http://i4.peapod.com/c/KK/KKNHZ.gif", "price": "199", "unit_price": "$.32/ oz", "name": "Near East Rice Pilaf Mix Wild Mushroom & Herb 100% Natural", "cnid": "1177", "productId": "111630", "size": "6.3 oz box"},
{"thumb": "http://i4.peapod.com/c/KK/KKNHZ.gif", "price": "279", "unit_price": "$.53/ oz", "name": "Near East Taboule Mix Wheat Salad 100% Natural", "cnid": "1177", "productId": "8655", "size": "5.25 oz box"},
{"thumb": "http://i4.peapod.com/c/KK/KKNHZ.gif", "price": "279", "unit_price": "$.45/ oz", "name": "Near East Whole Grain Blends Brown Rice Pilaf with Orzo Pasta 100% Natural", "cnid": "1177", "productId": "73669", "size": "6.25 oz box"},
{"thumb": "http://i4.peapod.com/c/KK/KKNHZ.gif", "price": "2019", "unit_price": "$.13/ oz", "name": "Nishiki Premium Grade Rice for Sushi New Crop Medium Grain", "cnid": "1177", "productId": "157566", "size": "10 lb bag"},
{"thumb": "http://i4.peapod.com/c/KK/KKNHZ.gif", "price": "100", "unit_price": "$.16/ oz", "name": "Rice-A-Roni Side Dish Beef Flavor", "cnid": "1177", "productId": "1025", "size": "6.2 oz box"},
{"thumb": "http://i4.peapod.com/c/KK/KKNHZ.gif", "price": "100", "unit_price": "$.15/ oz", "name": "Rice-A-Roni Side Dish Broccoli Au Gratin Flavor", "cnid": "1177", "productId": "75582", "size": "6.5 oz box"},
{"thumb": "http://i4.peapod.com/c/KK/KKNHZ.gif", "price": "100", "unit_price": "$.16/ oz", "name": "Rice-A-Roni Side Dish Chicken Flavor", "cnid": "1177", "productId": "1024", "size": "6.2 oz box"},
{"thumb": "http://i4.peapod.com/c/KK/KKNHZ.gif", "price": "100", "unit_price": "$.14/ oz", "name": "Rice-A-Roni Side Dish Rice Pilaf", "cnid": "1177", "productId": "1029", "size": "7.2 oz box"},
{"thumb": "http://i4.peapod.com/c/KK/KKNHZ.gif", "price": "100", "unit_price": "$.15/ oz", "name": "Rice-A-Roni Spanish Rice Side Dish", "cnid": "1177", "productId": "1028", "size": "6.8 oz box"},
{"thumb": "http://i4.peapod.com/c/KK/KKNHZ.gif", "price": "899", "unit_price": "$.25/ oz", "name": "RiceSelect Arborio Rice Italian Style", "cnid": "1177", "productId": "68042", "size": "36 oz jar"},
{"thumb": "http://i4.peapod.com/c/KK/KKNHZ.gif", "price": "949", "unit_price": "$.30/ oz", "name": "RiceSelect Royal Blend Texmati Brown & Red Rice with Barley & Rye Berries", "cnid": "1177", "productId": "161503", "size": "32 oz jar"},
{"thumb": "http://i4.peapod.com/c/KK/KKNHZ.gif", "price": "799", "unit_price": "$.22/ oz", "name": "RiceSelect Texmati Basmati Rice American Long Grain", "cnid": "1177", "productId": "68043", "size": "36 oz jar"},
{"thumb": "http://i4.peapod.com/c/KK/KKNHZ.gif", "price": "299", "unit_price": "$.19/ oz", "name": "Rienzi Premium Gourmet Arborio Rice", "cnid": "1177", "productId": "116757", "size": "16 oz box"},
{"thumb": "http://i4.peapod.com/c/KK/KKNHZ.gif", "price": "379", "unit_price": "$.45/ oz", "name": "Seeds of Change Quinoa & Brown Rice with Garlic Organic", "cnid": "1177", "productId": "162004", "size": "8.5 oz pkg"},
{"thumb": "http://i4.peapod.com/c/KK/KKNHZ.gif", "price": "229", "unit_price": "$.16/ oz", "name": "Stop & Shop Boil-in-Bag Brown Rice Whole Grain Natural - 4 ct", "cnid": "1177", "productId": "146062", "size": "14 oz box"},
{"thumb": "http://i4.peapod.com/c/KK/KKNHZ.gif", "price": "229", "unit_price": "$.16/ oz", "name": "Stop & Shop Boil-in-Bag White Rice Long Grain Natural - 4 ct", "cnid": "1177", "productId": "177600", "size": "14 oz box"},
{"thumb": "http://i4.peapod.com/c/KK/KKNHZ.gif", "price": "249", "unit_price": "$.08/ oz", "name": "Stop & Shop Brown Rice Long Grain", "cnid": "1177", "productId": "56450", "size": "32 oz bag"},
{"thumb": "http://i4.peapod.com/c/KK/KKNHZ.gif", "price": "699", "unit_price": "$.09/ oz", "name": "Stop & Shop Jasmine Rice White", "cnid": "1177", "productId": "148110", "size": "5 lb bag"},
{"thumb": "http://i4.peapod.com/c/KK/KKNHZ.gif", "price": "245", "unit_price": "$.08/ oz", "name": "Stop & Shop White Rice Long Grain Enriched", "cnid": "1177", "productId": "88417", "size": "32 oz bag"},
{"thumb": "http://i4.peapod.com/c/KK/KKNHZ.gif", "price": "279", "unit_price": "$.20/ oz", "name": "Success Boil-in-Bag Brown Rice Whole Grain Precooked - 4 ct", "cnid": "1177", "productId": "28998", "size": "14 oz box"},
{"thumb": "http://i4.peapod.com/c/KK/KKNHZ.gif", "price": "480", "unit_price": "$.15/ oz", "name": "Success Boil-in-Bag Brown Rice Whole Grain Precooked - 6 ct", "cnid": "1177", "productId": "144941", "size": "32 oz box"},
{"thumb": "http://i4.peapod.com/c/KK/KKNHZ.gif", "price": "379", "unit_price": "$.18/ oz", "name": "Success Boil-in-Bag Rice White Enriched Precooked - 6 ct", "cnid": "1177", "productId": "1301", "size": "21 oz box"},
{"thumb": "http://i4.peapod.com/c/KK/KKNHZ.gif", "price": "279", "unit_price": "$.20/ oz", "name": "Success Boil-in-Bag White Rice Enriched Precooked - 4 ct", "cnid": "1177", "productId": "1299", "size": "14 oz box"},
{"thumb": "http://i4.peapod.com/c/KK/KKNHZ.gif", "price": "480", "unit_price": "$.15/ oz", "name": "Success Boil-in-Bag White Rice Enriched Precooked- 6 ct", "cnid": "1177", "productId": "74723", "size": "32 oz box"},
{"thumb": "http://i4.peapod.com/c/KK/KKNHZ.gif", "price": "289", "unit_price": "$.21/ oz", "name": "Uncle Ben's Boil-in-Bag Brown Rice Whole Grain - 4 ct", "cnid": "1177", "productId": "170798", "size": "14 oz box"},
{"thumb": "http://i4.peapod.com/c/KK/KKNHZ.gif", "price": "289", "unit_price": "$.18/ oz", "name": "Uncle Ben's Boil-in-Bag Rice Enriched Long Grain - 4 ct", "cnid": "1177", "productId": "84653", "size": "15.8 oz box"},
{"thumb": "http://i4.peapod.com/c/KK/KKNHZ.gif", "price": "229", "unit_price": "$.14/ oz", "name": "Uncle Ben's Brown Rice Whole Grain Natural", "cnid": "1177", "productId": "7786", "size": "16 oz box"},
{"thumb": "http://i4.peapod.com/c/KK/KKNHZ.gif", "price": "289", "unit_price": "$.21/ oz", "name": "Uncle Ben's Instant Brown Rice Whole Grain Natural", "cnid": "1177", "productId": "7787", "size": "14 oz box"},
{"thumb": "http://i4.peapod.com/c/KK/KKNHZ.gif", "price": "229", "unit_price": "$.38/ oz", "name": "Uncle Ben's Long Grain & Wild Rice Original Recipe 23 Herbs & Seasonings", "cnid": "1177", "productId": "7779", "size": "6 oz box"},
{"thumb": "http://i4.peapod.com/c/KK/KKNHZ.gif", "price": "229", "unit_price": "$.37/ oz", "name": "Uncle Ben's Long Grain & Wild Rice w/23 Herbs/Seasonings Fast Cook Recipe", "cnid": "1177", "productId": "7780", "size": "6.2 oz box"},
{"thumb": "http://i4.peapod.com/c/KK/KKNHZ.gif", "price": "229", "unit_price": "$.26/ oz", "name": "Uncle Ben's Ready Rice Brown Rice Whole Grain Natural", "cnid": "1177", "productId": "142659", "size": "8.8 oz pkg"},
{"thumb": "http://i4.peapod.com/c/KK/KKNHZ.gif", "price": "229", "unit_price": "$.26/ oz", "name": "Uncle Ben's Ready Rice Garden Vegetable", "cnid": "1177", "productId": "148112", "size": "8.8 oz pkg"},
{"thumb": "http://i4.peapod.com/c/KK/KKNHZ.gif", "price": "229", "unit_price": "$.27/ oz", "name": "Uncle Ben's Ready Rice Jasmine Rice", "cnid": "1177", "productId": "154252", "size": "8.5 oz pkg"},
{"thumb": "http://i4.peapod.com/c/KK/KKNHZ.gif", "price": "229", "unit_price": "$.26/ oz", "name": "Uncle Ben's Ready Rice Pilaf Rice with Orzo Pasta", "cnid": "1177", "productId": "137134", "size": "8.8 oz pkg"},
{"thumb": "http://i4.peapod.com/c/KK/KKNHZ.gif", "price": "229", "unit_price": "$.26/ oz", "name": "Uncle Ben's Ready Rice Spanish Style with Tomatoes & Peppers", "cnid": "1177", "productId": "134267", "size": "8.8 oz pkg"},
{"thumb": "http://i4.peapod.com/c/KK/KKNHZ.gif", "price": "229", "unit_price": "$.26/ oz", "name": "Uncle Ben's Ready Rice White Rice Enriched Long Grain Original All Natural", "cnid": "1177", "productId": "134273", "size": "8.8 oz pkg"},
{"thumb": "http://i4.peapod.com/c/KK/KKNHZ.gif", "price": "229", "unit_price": "$.26/ oz", "name": "Uncle Ben's Ready Rice with Carrots & Herbs Roasted Chicken Flavored", "cnid": "1177", "productId": "134272", "size": "8.8 oz pkg"},
{"thumb": "http://i4.peapod.com/c/KK/KKNHZ.gif", "price": "599", "unit_price": "$.12/ oz", "name": "Uncle Ben's Rice Long Grain Enriched Parboiled Original", "cnid": "1177", "productId": "7778", "size": "3 lb box"},
{"thumb": "http://i4.peapod.com/c/KK/KKNHZ.gif", "price": "899", "unit_price": "$.11/ oz", "name": "Uncle Ben's Rice Long Grain Enriched Parboiled Original", "cnid": "1177", "productId": "7776", "size": "5 lb bag"},
{"thumb": "http://i4.peapod.com/c/KK/KKNHZ.gif", "price": "399", "unit_price": "$.12/ oz", "name": "Uncle Ben's Rice Long Grain Original", "cnid": "1177", "productId": "7777", "size": "2 lb box"},
{"thumb": "http://i4.peapod.com/c/KK/KKNHZ.gif", "price": "219", "unit_price": "$.31/ oz", "name": "Zatarain's New Orleans Style Beans Black & Rice", "cnid": "1177", "productId": "111682", "size": "7 oz box"},
{"thumb": "http://i4.peapod.com/c/KK/KKNHZ.gif", "price": "219", "unit_price": "$.27/ oz", "name": "Zatarain's New Orleans Style Beans Red & Rice", "cnid": "1177", "productId": "80228", "size": "8 oz box"},
{"thumb": "http://i4.peapod.com/c/KK/KKNHZ.gif", "price": "219", "unit_price": "$.27/ oz", "name": "Zatarain's New Orleans Style Jambalaya Mix Original", "cnid": "1177", "productId": "52590", "size": "8 oz box"},
{"thumb": "http://i4.peapod.com/c/KK/KKNHZ.gif", "price": "219", "unit_price": "$.27/ oz", "name": "Zatarain's New Orleans Style Mix Dirty Rice", "cnid": "1177", "productId": "52592", "size": "8 oz box"},
{"thumb": "http://i4.peapod.com/c/KK/KKNHZ.gif", "price": "229", "unit_price": "$.35/ oz", "name": "Betty Crocker Mashed Potatoes Butter & Herb", "cnid": "1169", "productId": "71390", "size": "6.6 oz box"},
{"thumb": "http://i4.peapod.com/c/KK/KKNHZ.gif", "price": "115", "unit_price": "$.35/ oz", "name": "Betty Crocker Mashed Potatoes Cheddar & Sour Cream", "cnid": "1169", "productId": "162835", "size": "3.3 oz pkg"},
{"thumb": "http://i4.peapod.com/c/KK/KKNHZ.gif", "price": "229", "unit_price": "$.35/ oz", "name": "Betty Crocker Mashed Potatoes Homestyle Creamy Butter", "cnid": "1169", "productId": "125211", "size": "6.6 oz box"},
{"thumb": "http://i4.peapod.com/c/KK/KKNHZ.gif", "price": "115", "unit_price": "$.35/ oz", "name": "Betty Crocker Mashed Potatoes Homestyle Creamy Butter", "cnid": "1169", "productId": "133463", "size": "3.3 oz pkg"},
{"thumb": "http://i4.peapod.com/c/KK/KKNHZ.gif", "price": "115", "unit_price": "$.32/ oz", "name": "Betty Crocker Mashed Potatoes Roasted Garlic", "cnid": "1169", "productId": "133464", "size": "3.6 oz pkg"},
{"thumb": "http://i4.peapod.com/c/KK/KKNHZ.gif", "price": "499", "unit_price": "$.18/ oz", "name": "Betty Crocker Potato Buds Mashed Potatoes", "cnid": "1169", "productId": "1090", "size": "28 oz box"},
{"thumb": "http://i4.peapod.com/c/KK/KKNHZ.gif", "price": "229", "unit_price": "$.49/ oz", "name": "Betty Crocker Potatoes Au Gratin", "cnid": "1169", "productId": "1093", "size": "4.7 oz box"},
{"thumb": "http://i4.peapod.com/c/KK/KKNHZ.gif", "price": "299", "unit_price": "$.42/ oz", "name": "Betty Crocker Potatoes Scalloped", "cnid": "1169", "productId": "82180", "size": "7.1 oz box"},
{"thumb": "http://i4.peapod.com/c/KK/KKNHZ.gif", "price": "229", "unit_price": "$.49/ oz", "name": "Betty Crocker Potatoes Scalloped", "cnid": "1169", "productId": "1097", "size": "4.7 oz box"},
{"thumb": "http://i4.peapod.com/c/KK/KKNHZ.gif", "price": "299", "unit_price": "$.19/ oz", "name": "Hungry Jack Mashed Potatoes", "cnid": "1169", "productId": "1428", "size": "15.3 oz box"},
{"thumb": "http://i4.peapod.com/c/KK/KKNHZ.gif", "price": "199", "unit_price": "$.47/ oz", "name": "Hungry Jack Premium Hash Brown Potatoes", "cnid": "1169", "productId": "162224", "size": "4.2 oz ctn"},
{"thumb": "http://i4.peapod.com/c/KK/KKNHZ.gif", "price": "150", "unit_price": "$.37/ oz", "name": "Idahoan Mashed Potatoes Baby Reds Flavored", "cnid": "1169", "productId": "162003", "size": "4.1 oz pkg"},
{"thumb": "http://i4.peapod.com/c/KK/KKNHZ.gif", "price": "250", "unit_price": "$.42/ oz", "name": "Manischewitz Potato Pancake Mix", "cnid": "1169", "productId": "8775", "size": "6 oz box"},
{"thumb": "http://i4.peapod.com/c/KK/KKNHZ.gif", "price": "133", "unit_price": "$.27/ oz", "name": "Stop & Shop Potatoes Scalloped", "cnid": "1169", "productId": "56442", "size": "4.9 oz box"},
{"thumb": "http://i4.peapod.com/c/KK/KKNHZ.gif", "price": "250", "unit_price": "$.42/ oz", "name": "Streit's Potato Pancake Mix", "cnid": "1169", "productId": "149544", "size": "6 oz box"},
{"thumb": "http://i4.peapod.com/c/KK/KKNHZ.gif", "price": "250", "unit_price": "$.14/ oz", "name": "Pastene Polenta Instant", "cnid": "1168", "productId": "155694", "size": "17.6 oz box"},
{"thumb": "http://i4.peapod.com/c/KK/KKNHZ.gif", "price": "300", "unit_price": "$.25/ oz", "name": "Angy's Tortellini with Cheese", "cnid": "1116", "productId": "37214", "size": "12 oz bag"},
{"thumb": "http://i4.peapod.com/c/KK/KKNHZ.gif", "price": "300", "unit_price": "$.25/ oz", "name": "Angy's Tortellini with Meat", "cnid": "1116", "productId": "37215", "size": "12 oz bag"},
{"thumb": "http://i4.peapod.com/c/KK/KKNHZ.gif", "price": "169", "unit_price": "$.11/ oz", "name": "Barilla Pasta Angel Hair Capellini", "cnid": "1116", "productId": "50714", "size": "16 oz box"},
{"thumb": "http://i4.peapod.com/c/KK/KKNHZ.gif", "price": "169", "unit_price": "$.13/ oz", "name": "Barilla Pasta Angel Hair Whole Grain All Natural", "cnid": "1116", "productId": "186710", "size": "13.2 oz box"},
{"thumb": "http://i4.peapod.com/c/KK/KKNHZ.gif", "price": "169", "unit_price": "$.11/ oz", "name": "Barilla Pasta Cellentani", "cnid": "1116", "productId": "103578", "size": "16 oz box"},
{"thumb": "http://i4.peapod.com/c/KK/KKNHZ.gif", "price": "169", "unit_price": "$.11/ oz", "name": "Barilla Pasta Ditalini", "cnid": "1116", "productId": "103576", "size": "16 oz box"},
{"thumb": "http://i4.peapod.com/c/KK/KKNHZ.gif", "price": "169", "unit_price": "$.11/ oz", "name": "Barilla Pasta Elbows", "cnid": "1116", "productId": "104880", "size": "16 oz box"},
{"thumb": "http://i4.peapod.com/c/KK/KKNHZ.gif", "price": "169", "unit_price": "$.13/ oz", "name": "Barilla Pasta Elbows Whole Grain All Natural", "cnid": "1116", "productId": "184278", "size": "13 oz box"},
{"thumb": "http://i4.peapod.com/c/KK/KKNHZ.gif", "price": "169", "unit_price": "$.11/ oz", "name": "Barilla Pasta Farfalle", "cnid": "1116", "productId": "50709", "size": "16 oz box"},
{"thumb": "http://i4.peapod.com/c/KK/KKNHZ.gif", "price": "169", "unit_price": "$.11/ oz", "name": "Barilla Pasta Fettuccine", "cnid": "1116", "productId": "103575", "size": "16 oz box"},
{"thumb": "http://i4.peapod.com/c/KK/KKNHZ.gif", "price": "169", "unit_price": "$.12/ oz", "name": "Barilla Pasta Fettuccine Rigate", "cnid": "1116", "productId": "134158", "size": "14 oz box"},
{"thumb": "http://i4.peapod.com/c/KK/KKNHZ.gif", "price": "169", "unit_price": "$.11/ oz", "name": "Barilla Pasta Gemelli", "cnid": "1116", "productId": "50712", "size": "16 oz box"},
{"thumb": "http://i4.peapod.com/c/KK/KKNHZ.gif", "price": "200", "unit_price": "$.12/ oz", "name": "Barilla Pasta Lasagne", "cnid": "1116", "productId": "140514", "size": "16 oz box"},
{"thumb": "http://i4.peapod.com/c/KK/KKNHZ.gif", "price": "200", "unit_price": "$.22/ oz", "name": "Barilla Pasta Lasagne Oven Ready (No Boiling Required)", "cnid": "1116", "productId": "122807", "size": "9 oz box"},
{"thumb": "http://i4.peapod.com/c/KK/KKNHZ.gif", "price": "169", "unit_price": "$.11/ oz", "name": "Barilla Pasta Linguine", "cnid": "1116", "productId": "62597", "size": "16 oz box"},
{"thumb": "http://i4.peapod.com/c/KK/KKNHZ.gif", "price": "169", "unit_price": "$.11/ oz", "name": "Barilla Pasta Linguine Fini", "cnid": "1116", "productId": "84306", "size": "16 oz box"},
{"thumb": "http://i4.peapod.com/c/KK/KKNHZ.gif", "price": "169", "unit_price": "$.13/ oz", "name": "Barilla Pasta Linguine Whole Grain All Natural", "cnid": "1116", "productId": "154616", "size": "13.2 oz box"},
{"thumb": "http://i4.peapod.com/c/KK/KKNHZ.gif", "price": "169", "unit_price": "$.11/ oz", "name": "Barilla Pasta Mostaccioli", "cnid": "1116", "productId": "76656", "size": "16 oz box"},
{"thumb": "http://i4.peapod.com/c/KK/KKNHZ.gif", "price": "169", "unit_price": "$.11/ oz", "name": "Barilla Pasta Orzo", "cnid": "1116", "productId": "89228", "size": "16 oz box"},
{"thumb": "http://i4.peapod.com/c/KK/KKNHZ.gif", "price": "169", "unit_price": "$.14/ oz", "name": "Barilla Pasta Pastina", "cnid": "1116", "productId": "125330", "size": "12 oz box"},
{"thumb": "http://i4.peapod.com/c/KK/KKNHZ.gif", "price": "169", "unit_price": "$.11/ oz", "name": "Barilla Pasta Penne", "cnid": "1116", "productId": "50708", "size": "16 oz box"},
{"thumb": "http://i4.peapod.com/c/KK/KKNHZ.gif", "price": "169", "unit_price": "$.11/ oz", "name": "Barilla Pasta Penne Mezze", "cnid": "1116", "productId": "76657", "size": "16 oz box"},
{"thumb": "http://i4.peapod.com/c/KK/KKNHZ.gif", "price": "169", "unit_price": "$.14/ oz", "name": "Barilla Pasta Penne Tri-Color", "cnid": "1116", "productId": "184279", "size": "12 oz box"},
{"thumb": "http://i4.peapod.com/c/KK/KKNHZ.gif", "price": "169", "unit_price": "$.13/ oz", "name": "Barilla Pasta Penne Whole Grain All Natural", "cnid": "1116", "productId": "144828", "size": "13.2 oz box"},
{"thumb": "http://i4.peapod.com/c/KK/KKNHZ.gif", "price": "169", "unit_price": "$.11/ oz", "name": "Barilla Pasta Pipette", "cnid": "1116", "productId": "133441", "size": "16 oz box"},
{"thumb": "http://i4.peapod.com/c/KK/KKNHZ.gif", "price": "169", "unit_price": "$.11/ oz", "name": "Barilla Pasta Rigatoni", "cnid": "1116", "productId": "50710", "size": "16 oz box"},
{"thumb": "http://i4.peapod.com/c/KK/KKNHZ.gif", "price": "169", "unit_price": "$.11/ oz", "name": "Barilla Pasta Rigatoni Mezzi", "cnid": "1116", "productId": "118478", "size": "16 oz box"},
{"thumb": "http://i4.peapod.com/c/KK/KKNHZ.gif", "price": "169", "unit_price": "$.11/ oz", "name": "Barilla Pasta Rotini", "cnid": "1116", "productId": "50711", "size": "16 oz box"},
{"thumb": "http://i4.peapod.com/c/KK/KKNHZ.gif", "price": "169", "unit_price": "$.14/ oz", "name": "Barilla Pasta Rotini Tri-Color", "cnid": "1116", "productId": "122746", "size": "12 oz box"},
{"thumb": "http://i4.peapod.com/c/KK/KKNHZ.gif", "price": "169", "unit_price": "$.13/ oz", "name": "Barilla Pasta Rotini Whole Grain All Natural", "cnid": "1116", "productId": "150303", "size": "13.2 oz box"},
{"thumb": "http://i4.peapod.com/c/KK/KKNHZ.gif", "price": "200", "unit_price": "$.17/ oz", "name": "Barilla Pasta Shells Jumbo Conchiglie Giganti", "cnid": "1116", "productId": "117834", "size": "12 oz box"},
{"thumb": "http://i4.peapod.com/c/KK/KKNHZ.gif", "price": "169", "unit_price": "$.11/ oz", "name": "Barilla Pasta Shells Large Conchiglie Grandi", "cnid": "1116", "productId": "72628", "size": "16 oz box"},
{"thumb": "http://i4.peapod.com/c/KK/KKNHZ.gif", "price": "169", "unit_price": "$.11/ oz", "name": "Barilla Pasta Shells Medium Conchiglie", "cnid": "1116", "productId": "125355", "size": "16 oz box"},
{"thumb": "http://i4.peapod.com/c/KK/KKNHZ.gif", "price": "169", "unit_price": "$.13/ oz", "name": "Barilla Pasta Shells Medium Whole Grain All Natural", "cnid": "1116", "productId": "154615", "size": "13.2 oz box"},
{"thumb": "http://i4.peapod.com/c/KK/KKNHZ.gif", "price": "169", "unit_price": "$.11/ oz", "name": "Barilla Pasta Spaghetti", "cnid": "1116", "productId": "50713", "size": "16 oz box"},
{"thumb": "http://i4.peapod.com/c/KK/KKNHZ.gif", "price": "169", "unit_price": "$.11/ oz", "name": "Barilla Pasta Spaghetti Thick", "cnid": "1116", "productId": "112614", "size": "16 oz box"},
{"thumb": "http://i4.peapod.com/c/KK/KKNHZ.gif", "price": "169", "unit_price": "$.11/ oz", "name": "Barilla Pasta Spaghetti Thin", "cnid": "1116", "productId": "62596", "size": "16 oz box"},
{"thumb": "http://i4.peapod.com/c/KK/KKNHZ.gif", "price": "169", "unit_price": "$.13/ oz", "name": "Barilla Pasta Spaghetti Thin Whole Grain All Natural", "cnid": "1116", "productId": "144829", "size": "13.2 oz box"},
{"thumb": "http://i4.peapod.com/c/KK/KKNHZ.gif", "price": "169", "unit_price": "$.13/ oz", "name": "Barilla Pasta Spaghetti Whole Grain All Natural", "cnid": "1116", "productId": "150305", "size": "13.2 oz box"},
{"thumb": "http://i4.peapod.com/c/KK/KKNHZ.gif", "price": "329", "unit_price": "$.41/ oz", "name": "Barilla Pasta Tortellini Three Cheese All Natural", "cnid": "1116", "productId": "122748", "size": "8 oz bag"},
{"thumb": "http://i4.peapod.com/c/KK/KKNHZ.gif", "price": "599", "unit_price": "$.50/ oz", "name": "Barilla Pasta Tortellini Three Cheese All Natural", "cnid": "1116", "productId": "137585", "size": "12 oz bag"},
{"thumb": "http://i4.peapod.com/c/KK/KKNHZ.gif", "price": "329", "unit_price": "$.41/ oz", "name": "Barilla Pasta Tortelloni Ricotta & Spinach All Natural", "cnid": "1116", "productId": "122747", "size": "8 oz bag"},
{"thumb": "http://i4.peapod.com/c/KK/KKNHZ.gif", "price": "169", "unit_price": "$.11/ oz", "name": "Barilla Pasta Ziti", "cnid": "1116", "productId": "104881", "size": "16 oz box"},
{"thumb": "http://i4.peapod.com/c/KK/KKNHZ.gif", "price": "169", "unit_price": "$.11/ oz", "name": "Barilla Piccolini Pasta Farfalle Mini", "cnid": "1116", "productId": "150302", "size": "16 oz box"},
{"thumb": "http://i4.peapod.com/c/KK/KKNHZ.gif", "price": "169", "unit_price": "$.11/ oz", "name": "Barilla Piccolini Pasta Penne Mini", "cnid": "1116", "productId": "150301", "size": "16 oz box"},
{"thumb": "http://i4.peapod.com/c/KK/KKNHZ.gif", "price": "269", "unit_price": "$.19/ oz", "name": "Barilla PLUS Pasta Elbows Multigrain", "cnid": "1116", "productId": "137835", "size": "14.5 oz box"},
{"thumb": "http://i4.peapod.com/c/KK/KKNHZ.gif", "price": "269", "unit_price": "$.19/ oz", "name": "Barilla PLUS Pasta Farfalle Multigrain", "cnid": "1116", "productId": "154617", "size": "14.5 oz box"},
{"thumb": "http://i4.peapod.com/c/KK/KKNHZ.gif", "price": "269", "unit_price": "$.19/ oz", "name": "Barilla PLUS Pasta Penne Multigrain", "cnid": "1116", "productId": "137834", "size": "14.5 oz box"},
{"thumb": "http://i4.peapod.com/c/KK/KKNHZ.gif", "price": "269", "unit_price": "$.19/ oz", "name": "Barilla PLUS Pasta Spaghetti Multigrain", "cnid": "1116", "productId": "137831", "size": "14.5 oz box"},
{"thumb": "http://i4.peapod.com/c/KK/KKNHZ.gif", "price": "269", "unit_price": "$.19/ oz", "name": "Barilla PLUS Pasta Spaghetti Thin Multigrain", "cnid": "1116", "productId": "137832", "size": "14.5 oz box"},
{"thumb": "http://i4.peapod.com/c/KK/KKNHZ.gif", "price": "399", "unit_price": "$.33/ oz", "name": "Bionaturae Pasta Penne Rigate Gluten Free Organic", "cnid": "1116", "productId": "163354", "size": "12 oz bag"},
{"thumb": "http://i4.peapod.com/c/KK/KKNHZ.gif", "price": "329", "unit_price": "$.37/ oz", "name": "Buitoni Pasta Fettuccine All Natural Refrigerated", "cnid": "1116", "productId": "2249", "size": "9 oz pkg"},
{"thumb": "http://i4.peapod.com/c/KK/KKNHZ.gif", "price": "329", "unit_price": "$.37/ oz", "name": "Buitoni Pasta Linguine All Natural Refrigerated", "cnid": "1116", "productId": "2250", "size": "9 oz pkg"},
{"thumb": "http://i4.peapod.com/c/KK/KKNHZ.gif", "price": "699", "unit_price": "$.35/ oz", "name": "Buitoni Pasta Ravioli Four Cheese All Natural Refrigerated", "cnid": "1116", "productId": "72820", "size": "20 oz pkg"},
{"thumb": "http://i4.peapod.com/c/KK/KKNHZ.gif", "price": "449", "unit_price": "$.50/ oz", "name": "Buitoni Pasta Ravioli Four Cheese Light All Natural Refrigerated", "cnid": "1116", "productId": "186648", "size": "9 oz pkg"},
{"thumb": "http://i4.peapod.com/c/KK/KKNHZ.gif", "price": "749", "unit_price": "$.38/ oz", "name": "Buitoni Pasta Tortellini Mixed Cheese All Natural Refrigerated", "cnid": "1116", "productId": "154330", "size": "20 oz pkg"},
{"thumb": "http://i4.peapod.com/c/KK/KKNHZ.gif", "price": "449", "unit_price": "$.50/ oz", "name": "Buitoni Pasta Tortellini Three Cheese All Natural Refrigerated", "cnid": "1116", "productId": "2254", "size": "9 oz pkg"},
{"thumb": "http://i4.peapod.com/c/KK/KKNHZ.gif", "price": "699", "unit_price": "$.35/ oz", "name": "Buitoni Pasta Tortellini Three Cheese Family Size Refrigerated", "cnid": "1116", "productId": "51423", "size": "20 oz pkg"},
{"thumb": "http://i4.peapod.com/c/KK/KKNHZ.gif", "price": "449", "unit_price": "$.50/ oz", "name": "Buitoni Pasta Tortelloni Chicken & Prosciutto Refrigerated", "cnid": "1116", "productId": "26049", "size": "9 oz pkg"},
{"thumb": "http://i4.peapod.com/c/KK/KKNHZ.gif", "price": "549", "unit_price": "$.61/ oz", "name": "Buitoni Riserva Pasta Agnolotti Quattro Formaggi All Natural Refrigerated", "cnid": "1116", "productId": "156241", "size": "9 oz pkg"},
{"thumb": "http://i4.peapod.com/c/KK/KKNHZ.gif", "price": "549", "unit_price": "$.61/ oz", "name": "Buitoni Riserva Pasta Agnolotti Wild Mushroom All Natural Refrigerated", "cnid": "1116", "productId": "156242", "size": "9 oz pkg"},
{"thumb": "http://i4.peapod.com/c/KK/KKNHZ.gif", "price": "549", "unit_price": "$.61/ oz", "name": "Buitoni Riserva Pasta Ravioli Spicy Beef & Sausage All Natural Refrig", "cnid": "1116", "productId": "155839", "size": "9 oz pkg"},
{"thumb": "http://i4.peapod.com/c/KK/KKNHZ.gif", "price": "349", "unit_price": "$7.93/ lb", "name": "Cedar's Taboule Salad Fresh", "cnid": "1116", "productId": "158703", "size": "7 oz tub"},
{"thumb": "http://i4.peapod.com/c/KK/KKNHZ.gif", "price": "299", "unit_price": "$.37/ oz", "name": "DeBoles Pasta Angel Hair Whole Wheat Organic", "cnid": "1116", "productId": "124346", "size": "8 oz box"},
{"thumb": "http://i4.peapod.com/c/KK/KKNHZ.gif", "price": "299", "unit_price": "$.37/ oz", "name": "DeBoles Pasta Penne Whole Wheat Organic", "cnid": "1116", "productId": "129622", "size": "8 oz box"},
{"thumb": "http://i4.peapod.com/c/KK/KKNHZ.gif", "price": "167", "unit_price": "$.10/ oz", "name": "De Cecco Pasta Penne", "cnid": "1116", "productId": "21705", "size": "16 oz box"},
{"thumb": "http://i4.peapod.com/c/KK/KKNHZ.gif", "price": "167", "unit_price": "$.10/ oz", "name": "De Cecco Pasta Penne Rigate", "cnid": "1116", "productId": "21706", "size": "16 oz box"},
{"thumb": "http://i4.peapod.com/c/KK/KKNHZ.gif", "price": "167", "unit_price": "$.10/ oz", "name": "De Cecco Pasta Rigatoni", "cnid": "1116", "productId": "17461", "size": "16 oz box"},
{"thumb": "http://i4.peapod.com/c/KK/KKNHZ.gif", "price": "167", "unit_price": "$.10/ oz", "name": "De Cecco Pasta Spaghetti", "cnid": "1116", "productId": "21704", "size": "16 oz box"},
{"thumb": "http://i4.peapod.com/c/KK/KKNHZ.gif", "price": "200", "unit_price": "$.15/ oz", "name": "Dreamfields Pasta Linguine Low Carb", "cnid": "1116", "productId": "135008", "size": "13.2 oz box"},
{"thumb": "http://i4.peapod.com/c/KK/KKNHZ.gif", "price": "200", "unit_price": "$.15/ oz", "name": "Dreamfields Pasta Penne Rigate Low Carb", "cnid": "1116", "productId": "135006", "size": "13.2 oz box"},
{"thumb": "http://i4.peapod.com/c/KK/KKNHZ.gif", "price": "200", "unit_price": "$.15/ oz", "name": "Dreamfields Pasta Rotini Low Carb", "cnid": "1116", "productId": "160568", "size": "13.2 oz box"},
{"thumb": "http://i4.peapod.com/c/KK/KKNHZ.gif", "price": "200", "unit_price": "$.15/ oz", "name": "Dreamfields Pasta Spaghetti Low Carb", "cnid": "1116", "productId": "135009", "size": "13.2 oz box"},
{"thumb": "http://i4.peapod.com/c/KK/KKNHZ.gif", "price": "399", "unit_price": "$.25/ oz", "name": "Golden Pierogies Potato & Cheese Filled - 12 ct", "cnid": "1116", "productId": "160847", "size": "16 oz box"},
{"thumb": "http://i4.peapod.com/c/KK/KKNHZ.gif", "price": "399", "unit_price": "$.25/ oz", "name": "Golden Pierogies Potato & Onion Filled - 12 ct", "cnid": "1116", "productId": "160848", "size": "16 oz pkg"},
{"thumb": "http://i4.peapod.com/c/KK/KKNHZ.gif", "price": "300", "unit_price": "$.38/ oz", "name": "Hodgson Mill Pasta Lasagna Whole Wheat", "cnid": "1116", "productId": "91109", "size": "8 oz box"},
{"thumb": "http://i4.peapod.com/c/KK/KKNHZ.gif", "price": "399", "unit_price": "$.33/ oz", "name": "Hodgson Mill Pasta Penne Whole Wheat with Flax Seed Organic", "cnid": "1116", "productId": "128734", "size": "12 oz pkg"},
{"thumb": "http://i4.peapod.com/c/KK/KKNHZ.gif", "price": "300", "unit_price": "$.19/ oz", "name": "Hodgson Mill Pasta Spaghetti Whole Wheat", "cnid": "1116", "productId": "14002", "size": "16 oz box"},
{"thumb": "http://i4.peapod.com/c/KK/KKNHZ.gif", "price": "350", "unit_price": "$.29/ oz", "name": "Jolie Ravioli Pasta Ravioli Cheese & Broccoli Fun Shaped 100% Natural", "cnid": "1116", "productId": "189940", "size": "12 oz bag"},
{"thumb": "http://i4.peapod.com/c/KK/KKNHZ.gif", "price": "350", "unit_price": "$.29/ oz", "name": "Jolie Ravioli Pasta Ravioli Cheese Fun Shaped 100% Natural", "cnid": "1116", "productId": "189939", "size": "12 oz bag"},
{"thumb": "http://i4.peapod.com/c/KK/KKNHZ.gif", "price": "350", "unit_price": "$.29/ oz", "name": "Jolie Ravioli Pasta Ravioli Mac & Cheezy Fun Shaped 100% Natural", "cnid": "1116", "productId": "189938", "size": "12 oz bag"},
{"thumb": "http://i4.peapod.com/c/KK/KKNHZ.gif", "price": "269", "unit_price": "$.11/ oz", "name": "Mama Rosie's Cavatelli Ricotta", "cnid": "1116", "productId": "179728", "size": "24 oz bag"},
{"thumb": "http://i4.peapod.com/c/KK/KKNHZ.gif", "price": "350", "unit_price": "$.17/ oz", "name": "Mama Rosie's Manicotti filled with Ricotta & Pecorino Romano Cheese - 8 ct", "cnid": "1116", "productId": "37224", "size": "20 oz bag"},
{"thumb": "http://i4.peapod.com/c/KK/KKNHZ.gif", "price": "269", "unit_price": "$.21/ oz", "name": "Mama Rosie's Ravioli Cheese Mini - 65 ct", "cnid": "1116", "productId": "68879", "size": "13 oz bag"},
{"thumb": "http://i4.peapod.com/c/KK/KKNHZ.gif", "price": "350", "unit_price": "$.12/ oz", "name": "Mama Rosie's Ravioli Large", "cnid": "1116", "productId": "37220", "size": "28 oz bag"},
{"thumb": "http://i4.peapod.com/c/KK/KKNHZ.gif", "price": "300", "unit_price": "$.19/ oz", "name": "Mrs. T's Pierogies Potato & Cheddar Low Fat - 12 ct", "cnid": "1116", "productId": "27843", "size": "16 oz pkg"},
{"thumb": "http://i4.peapod.com/c/KK/KKNHZ.gif", "price": "150", "unit_price": "$.11/ oz", "name": "Nature's Promise Naturals Pasta Angel Hair Whole Wheat", "cnid": "1116", "productId": "148090", "size": "13.2 oz box"},
{"thumb": "http://i4.peapod.com/c/KK/KKNHZ.gif", "price": "150", "unit_price": "$.11/ oz", "name": "Nature's Promise Naturals Pasta Elbow Macaroni Whole Wheat", "cnid": "1116", "productId": "156695", "size": "13.2 oz box"},
{"thumb": "http://i4.peapod.com/c/KK/KKNHZ.gif", "price": "150", "unit_price": "$.11/ oz", "name": "Nature's Promise Naturals Pasta Linguine Whole Wheat", "cnid": "1116", "productId": "148243", "size": "13.2 oz box"},
{"thumb": "http://i4.peapod.com/c/KK/KKNHZ.gif", "price": "150", "unit_price": "$.11/ oz", "name": "Nature's Promise Naturals Pasta Penne Whole Wheat", "cnid": "1116", "productId": "148091", "size": "13.2 oz box"},
{"thumb": "http://i4.peapod.com/c/KK/KKNHZ.gif", "price": "150", "unit_price": "$.11/ oz", "name": "Nature's Promise Naturals Pasta Rigatoni Whole Wheat", "cnid": "1116", "productId": "148242", "size": "13.2 oz box"},
{"thumb": "http://i4.peapod.com/c/KK/KKNHZ.gif", "price": "150", "unit_price": "$.11/ oz", "name": "Nature's Promise Naturals Pasta Rotini Whole Wheat", "cnid": "1116", "productId": "157480", "size": "13.2 oz box"},
{"thumb": "http://i4.peapod.com/c/KK/KKNHZ.gif", "price": "150", "unit_price": "$.11/ oz", "name": "Nature's Promise Naturals Pasta Spaghetti Whole Wheat", "cnid": "1116", "productId": "148241", "size": "13.2 oz box"},
{"thumb": "http://i4.peapod.com/c/KK/KKNHZ.gif", "price": "169", "unit_price": "$.11/ oz", "name": "Pastene Pasta Linguine", "cnid": "1116", "productId": "161246", "size": "16 oz box"},
{"thumb": "http://i4.peapod.com/c/KK/KKNHZ.gif", "price": "169", "unit_price": "$.11/ oz", "name": "Pastene Pasta Penne Rigate", "cnid": "1116", "productId": "181947", "size": "16 oz box"},
{"thumb": "http://i4.peapod.com/c/KK/KKNHZ.gif", "price": "169", "unit_price": "$.11/ oz", "name": "Pastene Pasta Spaghetti", "cnid": "1116", "productId": "161247", "size": "16 oz box"},
{"thumb": "http://i4.peapod.com/c/KK/KKNHZ.gif", "price": "137", "unit_price": "$.11/ oz", "name": "Prince Pasta Capellini Angel Hair", "cnid": "1116", "productId": "21948", "size": "12 oz box"},
{"thumb": "http://i4.peapod.com/c/KK/KKNHZ.gif", "price": "137", "unit_price": "$.09/ oz", "name": "Prince Pasta Elbows", "cnid": "1116", "productId": "125166", "size": "16 oz box"},
{"thumb": "http://i4.peapod.com/c/KK/KKNHZ.gif", "price": "137", "unit_price": "$.09/ oz", "name": "Prince Pasta Large Elbows", "cnid": "1116", "productId": "71862", "size": "16 oz box"},
{"thumb": "http://i4.peapod.com/c/KK/KKNHZ.gif", "price": "167", "unit_price": "$.10/ oz", "name": "Prince Pasta Lasagna", "cnid": "1116", "productId": "4236", "size": "16 oz box"},
{"thumb": "http://i4.peapod.com/c/KK/KKNHZ.gif", "price": "137", "unit_price": "$.09/ oz", "name": "Prince Pasta Orzo", "cnid": "1116", "productId": "4230", "size": "16 oz box"},
{"thumb": "http://i4.peapod.com/c/KK/KKNHZ.gif", "price": "137", "unit_price": "$.09/ oz", "name": "Prince Pasta Penne Rigate", "cnid": "1116", "productId": "39409", "size": "16 oz box"},
{"thumb": "http://i4.peapod.com/c/KK/KKNHZ.gif", "price": "137", "unit_price": "$.09/ oz", "name": "Prince Pasta Rigatoni", "cnid": "1116", "productId": "4228", "size": "16 oz box"},
{"thumb": "http://i4.peapod.com/c/KK/KKNHZ.gif", "price": "137", "unit_price": "$.09/ oz", "name": "Prince Pasta Rotini", "cnid": "1116", "productId": "4235", "size": "16 oz box"},
{"thumb": "http://i4.peapod.com/c/KK/KKNHZ.gif", "price": "137", "unit_price": "$.09/ oz", "name": "Prince Pasta Shells Medium", "cnid": "1116", "productId": "4229", "size": "16 oz box"},
{"thumb": "http://i4.peapod.com/c/KK/KKNHZ.gif", "price": "137", "unit_price": "$.09/ oz", "name": "Prince Pasta Shells Small", "cnid": "1116", "productId": "176225", "size": "16 oz box"},
{"thumb": "http://i4.peapod.com/c/KK/KKNHZ.gif", "price": "137", "unit_price": "$.09/ oz", "name": "Prince Pasta Spaghetti", "cnid": "1116", "productId": "4225", "size": "16 oz box"},
{"thumb": "http://i4.peapod.com/c/KK/KKNHZ.gif", "price": "137", "unit_price": "$.09/ oz", "name": "Prince Pasta Spaghetti Thin", "cnid": "1116", "productId": "4224", "size": "16 oz box"},
{"thumb": "http://i4.peapod.com/c/KK/KKNHZ.gif", "price": "137", "unit_price": "$.09/ oz", "name": "Prince Pasta Vermicelli", "cnid": "1116", "productId": "4223", "size": "16 oz box"},
{"thumb": "http://i4.peapod.com/c/KK/KKNHZ.gif", "price": "137", "unit_price": "$.09/ oz", "name": "Prince Pasta Ziti Rigati", "cnid": "1116", "productId": "61970", "size": "16 oz box"},
{"thumb": "http://i4.peapod.com/c/KK/KKNHZ.gif", "price": "125", "unit_price": "$.08/ oz", "name": "Rienzi i Bambini Pasta Elbows Mini with Carrots & Squash", "cnid": "1116", "productId": "190269", "size": "16 oz box"},
{"thumb": "http://i4.peapod.com/c/KK/KKNHZ.gif", "price": "125", "unit_price": "$.08/ oz", "name": "Rienzi Pasta Angel Hair", "cnid": "1116", "productId": "137573", "size": "16 oz bag"},
{"thumb": "http://i4.peapod.com/c/KK/KKNHZ.gif", "price": "329", "unit_price": "$.21/ oz", "name": "Rienzi Pasta Penne Gluten Free", "cnid": "1116", "productId": "190233", "size": "16 oz box"},
{"thumb": "http://i4.peapod.com/c/KK/KKNHZ.gif", "price": "125", "unit_price": "$.08/ oz", "name": "Rienzi Pasta Spaghetti", "cnid": "1116", "productId": "96160", "size": "16 oz bag"},
{"thumb": "http://i4.peapod.com/c/KK/KKNHZ.gif", "price": "177", "unit_price": "$.15/ oz", "name": "Ronzoni Healthy Harvest Pasta Rotini Whole Grain All Natural", "cnid": "1116", "productId": "123962", "size": "12 oz box"},
{"thumb": "http://i4.peapod.com/c/KK/KKNHZ.gif", "price": "177", "unit_price": "$.15/ oz", "name": "Ronzoni Healthy Harvest Pasta Spaghetti Thin Whole Wheat Blend", "cnid": "1116", "productId": "123964", "size": "12 oz box"},
{"thumb": "http://i4.peapod.com/c/KK/KKNHZ.gif", "price": "177", "unit_price": "$.15/ oz", "name": "Ronzoni Smart Taste Pasta Elbows", "cnid": "1116", "productId": "147245", "size": "12 oz box"},
{"thumb": "http://i4.peapod.com/c/KK/KKNHZ.gif", "price": "177", "unit_price": "$.15/ oz", "name": "Ronzoni Smart Taste Pasta Penne Rigate", "cnid": "1116", "productId": "147247", "size": "12 oz box"},
{"thumb": "http://i4.peapod.com/c/KK/KKNHZ.gif", "price": "177", "unit_price": "$.15/ oz", "name": "Ronzoni Smart Taste Pasta Spaghetti", "cnid": "1116", "productId": "174572", "size": "12 oz box"},
{"thumb": "http://i4.peapod.com/c/KK/KKNHZ.gif", "price": "177", "unit_price": "$.15/ oz", "name": "Ronzoni Smart Taste Pasta Spaghetti Thin", "cnid": "1116", "productId": "147246", "size": "12 oz box"},
{"thumb": "http://i4.peapod.com/c/KK/KKNHZ.gif", "price": "100", "unit_price": "$.06/ oz", "name": "Stop & Shop Pasta Angel Hair", "cnid": "1116", "productId": "56513", "size": "16 oz box"},
{"thumb": "http://i4.peapod.com/c/KK/KKNHZ.gif", "price": "299", "unit_price": "$.33/ oz", "name": "Stop & Shop Pasta Angel Hair Fresh", "cnid": "1116", "productId": "151873", "size": "9 oz pkg"},
{"thumb": "http://i4.peapod.com/c/KK/KKNHZ.gif", "price": "109", "unit_price": "$.07/ oz", "name": "Stop & Shop Pasta Cavatappi", "cnid": "1116", "productId": "175529", "size": "16 oz box"},
{"thumb": "http://i4.peapod.com/c/KK/KKNHZ.gif", "price": "100", "unit_price": "$.06/ oz", "name": "Stop & Shop Pasta Elbows", "cnid": "1116", "productId": "56334", "size": "16 oz box"},
{"thumb": "http://i4.peapod.com/c/KK/KKNHZ.gif", "price": "289", "unit_price": "$.06/ oz", "name": "Stop & Shop Pasta Elbows", "cnid": "1116", "productId": "56491", "size": "48 oz box"},
{"thumb": "http://i4.peapod.com/c/KK/KKNHZ.gif", "price": "299", "unit_price": "$.33/ oz", "name": "Stop & Shop Pasta Fettuccine Fresh", "cnid": "1116", "productId": "151871", "size": "9 oz pkg"},
{"thumb": "http://i4.peapod.com/c/KK/KKNHZ.gif", "price": "199", "unit_price": "$.12/ oz", "name": "Stop & Shop Pasta Lasagna", "cnid": "1116", "productId": "56492", "size": "16 oz box"},
{"thumb": "http://i4.peapod.com/c/KK/KKNHZ.gif", "price": "299", "unit_price": "$.33/ oz", "name": "Stop & Shop Pasta Linguine Fresh", "cnid": "1116", "productId": "151872", "size": "9 oz pkg"},
{"thumb": "http://i4.peapod.com/c/KK/KKNHZ.gif", "price": "100", "unit_price": "$.06/ oz", "name": "Stop & Shop Pasta Penne Rigate", "cnid": "1116", "productId": "82714", "size": "16 oz box"},
{"thumb": "http://i4.peapod.com/c/KK/KKNHZ.gif", "price": "399", "unit_price": "$.57/ oz", "name": "Stop & Shop Pasta Ravioli Cheese Mini Fresh", "cnid": "1116", "productId": "130435", "size": "7 oz pkg"},
{"thumb": "http://i4.peapod.com/c/KK/KKNHZ.gif", "price": "399", "unit_price": "$.44/ oz", "name": "Stop & Shop Pasta Ravioli Four Cheese & Spinach Fresh", "cnid": "1116", "productId": "115290", "size": "9 oz pkg"},
{"thumb": "http://i4.peapod.com/c/KK/KKNHZ.gif", "price": "649", "unit_price": "$.32/ oz", "name": "Stop & Shop Pasta Ravioli Four Cheese Family Size Fresh", "cnid": "1116", "productId": "151881", "size": "20 oz pkg"},
{"thumb": "http://i4.peapod.com/c/KK/KKNHZ.gif", "price": "399", "unit_price": "$.44/ oz", "name": "Stop & Shop Pasta Ravioli Four Cheese Fresh", "cnid": "1116", "productId": "19710", "size": "9 oz pkg"},
{"thumb": "http://i4.peapod.com/c/KK/KKNHZ.gif", "price": "399", "unit_price": "$.44/ oz", "name": "Stop & Shop Pasta Ravioli Meat & Fine Herbs", "cnid": "1116", "productId": "186641", "size": "9 oz pkg"},
{"thumb": "http://i4.peapod.com/c/KK/KKNHZ.gif", "price": "100", "unit_price": "$.06/ oz", "name": "Stop & Shop Pasta Rigatoni Mini", "cnid": "1116", "productId": "163255", "size": "16 oz box"},
{"thumb": "http://i4.peapod.com/c/KK/KKNHZ.gif", "price": "100", "unit_price": "$.06/ oz", "name": "Stop & Shop Pasta Rotini", "cnid": "1116", "productId": "56493", "size": "16 oz box"},
{"thumb": "http://i4.peapod.com/c/KK/KKNHZ.gif", "price": "109", "unit_price": "$.08/ oz", "name": "Stop & Shop Pasta Rotini Whole Grain", "cnid": "1116", "productId": "190231", "size": "13.2 oz box"},
{"thumb": "http://i4.peapod.com/c/KK/KKNHZ.gif", "price": "100", "unit_price": "$.06/ oz", "name": "Stop & Shop Pasta Shells", "cnid": "1116", "productId": "56504", "size": "16 oz box"},
{"thumb": "http://i4.peapod.com/c/KK/KKNHZ.gif", "price": "100", "unit_price": "$.06/ oz", "name": "Stop & Shop Pasta Spaghetti", "cnid": "1116", "productId": "56514", "size": "16 oz box"},
{"thumb": "http://i4.peapod.com/c/KK/KKNHZ.gif", "price": "100", "unit_price": "$.06/ oz", "name": "Stop & Shop Pasta Spaghetti Thin", "cnid": "1116", "productId": "87494", "size": "16 oz box"},
{"thumb": "http://i4.peapod.com/c/KK/KKNHZ.gif", "price": "109", "unit_price": "$.08/ oz", "name": "Stop & Shop Pasta Spaghetti Thin Whole Grain", "cnid": "1116", "productId": "190232", "size": "13.2 oz box"},
{"thumb": "http://i4.peapod.com/c/KK/KKNHZ.gif", "price": "649", "unit_price": "$.32/ oz", "name": "Stop & Shop Pasta Tortellini Chicken Family Size Fresh", "cnid": "1116", "productId": "151891", "size": "20 oz pkg"},
{"thumb": "http://i4.peapod.com/c/KK/KKNHZ.gif", "price": "399", "unit_price": "$.44/ oz", "name": "Stop & Shop Pasta Tortellini Chicken Fresh", "cnid": "1116", "productId": "15684", "size": "9 oz pkg"},
{"thumb": "http://i4.peapod.com/c/KK/KKNHZ.gif", "price": "399", "unit_price": "$.44/ oz", "name": "Stop & Shop Pasta Tortellini Portobello Mushroom & Cheese Fresh", "cnid": "1116", "productId": "185405", "size": "9 oz pkg"},
{"thumb": "http://i4.peapod.com/c/KK/KKNHZ.gif", "price": "399", "unit_price": "$.44/ oz", "name": "Stop & Shop Pasta Tortellini Spinach Three Cheese Fresh", "cnid": "1116", "productId": "158763", "size": "9 oz pkg"},
{"thumb": "http://i4.peapod.com/c/KK/KKNHZ.gif", "price": "649", "unit_price": "$.32/ oz", "name": "Stop & Shop Pasta Tortellini Three Cheese Family Size Fresh", "cnid": "1116", "productId": "151867", "size": "20 oz pkg"},
{"thumb": "http://i4.peapod.com/c/KK/KKNHZ.gif", "price": "399", "unit_price": "$.44/ oz", "name": "Stop & Shop Pasta Tortellini Three Cheese Fresh", "cnid": "1116", "productId": "158762", "size": "9 oz pkg"},
{"thumb": "http://i4.peapod.com/c/KK/KKNHZ.gif", "price": "649", "unit_price": "$.32/ oz", "name": "Stop & Shop Pasta Tortellini Three Cheese Tri Color Family Size Fresh", "cnid": "1116", "productId": "127344", "size": "20 oz pkg"},
{"thumb": "http://i4.peapod.com/c/KK/KKNHZ.gif", "price": "399", "unit_price": "$.44/ oz", "name": "Stop & Shop Pasta Tortellini Tri Color Three Cheese Fresh", "cnid": "1116", "productId": "31036", "size": "9 oz pkg"},
{"thumb": "http://i4.peapod.com/c/KK/KKNHZ.gif", "price": "399", "unit_price": "$.44/ oz", "name": "Stop & Shop Pasta Tortelloni Italian Sausage Fresh", "cnid": "1116", "productId": "26050", "size": "9 oz pkg"},
{"thumb": "http://i4.peapod.com/c/KK/KKNHZ.gif", "price": "100", "unit_price": "$.06/ oz", "name": "Stop & Shop Pasta Vermicelli", "cnid": "1116", "productId": "56332", "size": "16 oz box"},
{"thumb": "http://i4.peapod.com/c/KK/KKNHZ.gif", "price": "100", "unit_price": "$.06/ oz", "name": "Stop & Shop Pasta Ziti", "cnid": "1116", "productId": "56335", "size": "16 oz box"},
{"thumb": "http://i4.peapod.com/c/KK/KKNHZ.gif", "price": "100", "unit_price": "$.06/ oz", "name": "Stop & Shop Pasta Ziti Rigate", "cnid": "1116", "productId": "56512", "size": "16 oz box"},
{"thumb": "http://i4.peapod.com/c/KK/KKNHZ.gif", "price": "449", "unit_price": "$.32/ oz", "name": "Stop & Shop Pierogie Potato & Cheddar Refrigerated", "cnid": "1116", "productId": "151733", "size": "14 oz pkg"},
{"thumb": "http://i4.peapod.com/c/KK/KKNHZ.gif", "price": "449", "unit_price": "$.32/ oz", "name": "Stop & Shop Pierogie Potato & Cheese Refrigerated", "cnid": "1116", "productId": "151732", "size": "14 oz pkg"},
{"thumb": "http://i4.peapod.com/c/KK/KKNHZ.gif", "price": "199", "unit_price": "$.12/ oz", "name": "Stop & Shop Potato Gnocchi All Natural", "cnid": "1116", "productId": "63150", "size": "16 oz bag"},
{"thumb": "http://i4.peapod.com/c/KK/KKNHZ.gif", "price": "299", "unit_price": "$.12/ oz", "name": "Stop & Shop Ravioli Cheese Round All Natural - 80 ct", "cnid": "1116", "productId": "148968", "size": "24 oz bag"},
{"thumb": "http://i4.peapod.com/c/KK/KKNHZ.gif", "price": "150", "unit_price": "$.20/ oz", "name": "Fortune Yakisoba Stir Fry Noodles Soy Ginger", "cnid": "1103", "productId": "159128", "size": "7.3 oz pkg"},
{"thumb": "http://i4.peapod.com/c/KK/KKNHZ.gif", "price": "399", "unit_price": "$.50/ oz", "name": "KA-ME Rice Sticks (Py Mai Fun)", "cnid": "1103", "productId": "157600", "size": "8 oz pkg"},
{"thumb": "http://i4.peapod.com/c/KK/KKNHZ.gif", "price": "169", "unit_price": "$.34/ oz", "name": "La Choy Noodles Chow Mein", "cnid": "1103", "productId": "6266", "size": "5 oz can"},
{"thumb": "http://i4.peapod.com/c/KK/KKNHZ.gif", "price": "150", "unit_price": "$.12/ oz", "name": "Light 'n Fluffy Egg Noodles Extra Wide", "cnid": "1103", "productId": "3144", "size": "12 oz bag"},
{"thumb": "http://i4.peapod.com/c/KK/KKNHZ.gif", "price": "150", "unit_price": "$.12/ oz", "name": "Light 'n Fluffy Egg Noodles Wide", "cnid": "1103", "productId": "3145", "size": "12 oz bag"},
{"thumb": "http://i4.peapod.com/c/KK/KKNHZ.gif", "price": "299", "unit_price": "$.25/ oz", "name": "Manischewitz Egg Noodles Medium", "cnid": "1103", "productId": "8812", "size": "12 oz bag"},
{"thumb": "http://i4.peapod.com/c/KK/KKNHZ.gif", "price": "299", "unit_price": "$.25/ oz", "name": "Manischewitz Egg Noodles Wide", "cnid": "1103", "productId": "8813", "size": "12 oz bag"},
{"thumb": "http://i4.peapod.com/c/KK/KKNHZ.gif", "price": "259", "unit_price": "$.22/ oz", "name": "No Yolks Egg Noodles Dumplings", "cnid": "1103", "productId": "22505", "size": "12 oz bag"},
{"thumb": "http://i4.peapod.com/c/KK/KKNHZ.gif", "price": "259", "unit_price": "$.22/ oz", "name": "No Yolks Egg Noodles Extra Broad", "cnid": "1103", "productId": "8478", "size": "12 oz bag"},
{"thumb": "http://i4.peapod.com/c/KK/KKNHZ.gif", "price": "200", "unit_price": "$.17/ oz", "name": "Pennsylvania Dutch Egg Noodles Extra Broad", "cnid": "1103", "productId": "56329", "size": "12 oz bag"},
{"thumb": "http://i4.peapod.com/c/KK/KKNHZ.gif", "price": "200", "unit_price": "$.17/ oz", "name": "Pennsylvania Dutch Egg Noodles Medium", "cnid": "1103", "productId": "36845", "size": "12 oz bag"},
{"thumb": "http://i4.peapod.com/c/KK/KKNHZ.gif", "price": "169", "unit_price": "$.11/ oz", "name": "Stop & Shop Egg Noodles Enriched Broad", "cnid": "1103", "productId": "56510", "size": "16 oz bag"},
{"thumb": "http://i4.peapod.com/c/KK/KKNHZ.gif", "price": "169", "unit_price": "$.11/ oz", "name": "Stop & Shop Egg Noodles Medium", "cnid": "1103", "productId": "56511", "size": "16 oz bag"},
{"thumb": "http://i4.peapod.com/c/KK/KKNHZ.gif", "price": "299", "unit_price": "$.33/ oz", "name": "Thai Kitchen Rice Noodles Stir-Fry Original Pad Thai", "cnid": "1103", "productId": "115596", "size": "9 oz box"},
{"thumb": "http://i4.peapod.com/c/KK/KKNHZ.gif", "price": "369", "unit_price": "$.23/ oz", "name": "Tinkyada Brown Rice Pasta Elbow Gluten Free", "cnid": "1103", "productId": "158297", "size": "16 oz bag"},
{"thumb": "http://i4.peapod.com/c/KK/KKNHZ.gif", "price": "369", "unit_price": "$.23/ oz", "name": "Tinkyada Brown Rice Pasta Shells Gluten Free", "cnid": "1103", "productId": "156542", "size": "16 oz bag"},
{"thumb": "http://i4.peapod.com/c/KK/KKNHZ.gif", "price": "369", "unit_price": "$.23/ oz", "name": "Tinkyada Brown Rice Pasta Spaghetti Style Gluten Free", "cnid": "1103", "productId": "156541", "size": "16 oz bag"},
{"thumb": "http://i4.peapod.com/c/KK/KKNHZ.gif", "price": "399", "unit_price": "$.33/ oz", "name": "Tinkyada Brown Rice Pasta Spaghetti Style Gluten Free Organic", "cnid": "1103", "productId": "162178", "size": "12 oz bag"},
{"thumb": "http://i4.peapod.com/c/KK/KKNHZ.gif", "price": "369", "unit_price": "$.23/ oz", "name": "Tinkyada Pasta Joy Brown Rice Pasta Penne with Rice Bran Gluten Free", "cnid": "1103", "productId": "156539", "size": "16 oz bag"},
{"thumb": "http://i4.peapod.com/c/KK/KKNHZ.gif", "price": "369", "unit_price": "$.23/ oz", "name": "Tinkyada Pasta Joy Brown Rice Pasta Spirals with Rice Bran Gluten Free", "cnid": "1103", "productId": "156540", "size": "16 oz bag"},
{"thumb": "http://i4.peapod.com/c/KK/KKNHZ.gif", "price": "189", "unit_price": "$.12/ oz", "name": "Goya Black Beans Dry", "cnid": "1088", "productId": "14411", "size": "1 lb bag"},
{"thumb": "http://i4.peapod.com/c/KK/KKNHZ.gif", "price": "219", "unit_price": "$.14/ oz", "name": "Goya Kidney Beans Red Dry", "cnid": "1088", "productId": "14413", "size": "1 lb bag"},
{"thumb": "http://i4.peapod.com/c/KK/KKNHZ.gif", "price": "139", "unit_price": "$.09/ oz", "name": "Goya Lentils Dry", "cnid": "1088", "productId": "14410", "size": "16 oz bag"},
{"thumb": "http://i4.peapod.com/c/KK/KKNHZ.gif", "price": "99", "unit_price": "$.06/ oz", "name": "Goya Peas Green Split Dry", "cnid": "1088", "productId": "14408", "size": "1 lb bag"},
{"thumb": "http://i4.peapod.com/c/KK/KKNHZ.gif", "price": "125", "unit_price": "$.08/ oz", "name": "Stop & Shop Garbanzo Beans Dry", "cnid": "1088", "productId": "175548", "size": "16 oz bag"},
{"thumb": "http://i4.peapod.com/c/KK/KKNHZ.gif", "price": "115", "unit_price": "$.07/ oz", "name": "Stop & Shop Lentils Dry", "cnid": "1088", "productId": "71855", "size": "16 oz bag"},
{"thumb": "http://i4.peapod.com/c/KK/KKNHZ.gif", "price": "125", "unit_price": "$.08/ oz", "name": "Stop & Shop Navy Beans Dry", "cnid": "1088", "productId": "71850", "size": "16 oz bag"},
{"thumb": "http://i4.peapod.com/c/KK/KKNHZ.gif", "price": "100", "unit_price": "$.06/ oz", "name": "Stop & Shop Peas Green Split Dry", "cnid": "1088", "productId": "71851", "size": "16 oz bag"},
{"thumb": "http://i4.peapod.com/c/KK/KKNHZ.gif", "price": "199", "unit_price": "$.35/ oz", "name": "Near East Couscous Mix Herbed Chicken Flavor 100% Natural", "cnid": "1087", "productId": "41866", "size": "5.7 oz box"},
{"thumb": "http://i4.peapod.com/c/KK/KKNHZ.gif", "price": "199", "unit_price": "$.35/ oz", "name": "Near East Couscous Mix Mediterranean Curry 100% Natural", "cnid": "1087", "productId": "73672", "size": "5.7 oz box"},
{"thumb": "http://i4.peapod.com/c/KK/KKNHZ.gif", "price": "199", "unit_price": "$.20/ oz", "name": "Near East Couscous Mix Original Plain 100% Natural", "cnid": "1087", "productId": "8654", "size": "10 oz box"},
{"thumb": "http://i4.peapod.com/c/KK/KKNHZ.gif", "price": "199", "unit_price": "$.34/ oz", "name": "Near East Couscous Mix Parmesan 100% Natural", "cnid": "1087", "productId": "41862", "size": "5.9 oz box"},
{"thumb": "http://i4.peapod.com/c/KK/KKNHZ.gif", "price": "199", "unit_price": "$.34/ oz", "name": "Near East Couscous Mix Roasted Garlic & Olive Oil 100% Natural", "cnid": "1087", "productId": "41861", "size": "5.8 oz box"},
{"thumb": "http://i4.peapod.com/c/KK/KKNHZ.gif", "price": "199", "unit_price": "$.35/ oz", "name": "Near East Couscous Mix Toasted Pine Nut 100% Natural", "cnid": "1087", "productId": "79931", "size": "5.6 oz box"},
{"thumb": "http://i4.peapod.com/c/KK/KKNHZ.gif", "price": "999", "unit_price": "$.31/ oz", "name": "RiceSelect Couscous Original", "cnid": "1087", "productId": "162817", "size": "31.7 oz pkg"},
{"thumb": "http://i4.peapod.com/c/KK/KKNHZ.gif", "price": "649", "unit_price": "$.31/ oz", "name": "Roland Israeli Couscous (Toasted Pasta) Traditional All Natural", "cnid": "1087", "productId": "175195", "size": "21.1 oz pkg"},
{"thumb": "http://i4.peapod.com/c/KK/KKNHZ.gif", "price": "439", "unit_price": "$.44/ oz", "name": "Annie's Homegrown Creamy Deluxe Shells & Cheddar Sauce Real Aged Natural", "cnid": "1080", "productId": "141189", "size": "10 oz box"},
{"thumb": "http://i4.peapod.com/c/KK/KKNHZ.gif", "price": "529", "unit_price": "$.49/ oz", "name": "Annie's Homegrown Mac & Cheese White Cheddar Single Serve Micro - 5 ct", "cnid": "1080", "productId": "123886", "size": "10.7 oz box"},
{"thumb": "http://i4.peapod.com/c/KK/KKNHZ.gif", "price": "210", "unit_price": "$.35/ oz", "name": "Annie's Homegrown Macaroni & Cheese Real Cheese Natural", "cnid": "1080", "productId": "156502", "size": "6 oz box"},
{"thumb": "http://i4.peapod.com/c/KK/KKNHZ.gif", "price": "299", "unit_price": "$.50/ oz", "name": "Annie's Homegrown Macaroni & Cheese Rice Pasta & Cheddar Gluten Free", "cnid": "1080", "productId": "160376", "size": "6 oz box"},
{"thumb": "http://i4.peapod.com/c/KK/KKNHZ.gif", "price": "210", "unit_price": "$.35/ oz", "name": "Annie's Homegrown Macaroni & Cheese Shells & White Cheddar Natural", "cnid": "1080", "productId": "22661", "size": "6 oz box"},
{"thumb": "http://i4.peapod.com/c/KK/KKNHZ.gif", "price": "919", "unit_price": "$.25/ oz", "name": "Annie's Homegrown Shells & Cheddar White - 6 ct", "cnid": "1080", "productId": "127899", "size": "36 oz box"},
{"thumb": "http://i4.peapod.com/c/KK/KKNHZ.gif", "price": "399", "unit_price": "$.28/ oz", "name": "Arnold Premium Stuffing Cornbread", "cnid": "1080", "productId": "89236", "size": "14 oz bag"},
{"thumb": "http://i4.peapod.com/c/KK/KKNHZ.gif", "price": "399", "unit_price": "$.28/ oz", "name": "Arnold Premium Stuffing Herb Seasoned", "cnid": "1080", "productId": "36877", "size": "14 oz bag"},
{"thumb": "http://i4.peapod.com/c/KK/KKNHZ.gif", "price": "399", "unit_price": "$.28/ oz", "name": "Arnold Premium Stuffing Seasoned", "cnid": "1080", "productId": "36876", "size": "14 oz bag"},
{"thumb": "http://i4.peapod.com/c/KK/KKNHZ.gif", "price": "499", "unit_price": "$.55/ oz", "name": "A Taste of Thai Pad Thai For Two", "cnid": "1080", "productId": "130534", "size": "9 oz box"},
{"thumb": "http://i4.peapod.com/c/KK/KKNHZ.gif", "price": "249", "unit_price": "$.41/ oz", "name": "Back to Nature Macaroni & Cheese Dinner Crazy Bugs", "cnid": "1080", "productId": "148157", "size": "6 oz box"},
{"thumb": "http://i4.peapod.com/c/KK/KKNHZ.gif", "price": "249", "unit_price": "$.38/ oz", "name": "Back to Nature Spirals & Cheddar White Dinner", "cnid": "1080", "productId": "148158", "size": "6.5 oz box"},
{"thumb": "http://i4.peapod.com/c/KK/KKNHZ.gif", "price": "329", "unit_price": "$.37/ oz", "name": "Barilla Microwaveable Meal Fusilli Whole Grain w/ Vegetable Marinara Sauce", "cnid": "1080", "productId": "185711", "size": "9 oz pkg"},
{"thumb": "http://i4.peapod.com/c/KK/KKNHZ.gif", "price": "329", "unit_price": "$.37/ oz", "name": "Barilla Microwaveable Meal Mezze Penne Whole Grain w/Tomato & Basil Sauce", "cnid": "1080", "productId": "186237", "size": "9 oz pkg"},
{"thumb": "http://i4.peapod.com/c/KK/KKNHZ.gif", "price": "329", "unit_price": "$.37/ oz", "name": "Barilla Microwaveable Meal Mezze Penne with Spicy Marinara Sauce Natural", "cnid": "1080", "productId": "185710", "size": "9 oz pkg"},
{"thumb": "http://i4.peapod.com/c/KK/KKNHZ.gif", "price": "329", "unit_price": "$.37/ oz", "name": "Barilla Microwaveable Meal Mezze Penne with Tomato & Basil Sauce Natural", "cnid": "1080", "productId": "185708", "size": "9 oz pkg"},
{"thumb": "http://i4.peapod.com/c/KK/KKNHZ.gif", "price": "329", "unit_price": "$.37/ oz", "name": "Barilla Microwaveable Meal Mezze Penne with Traditional Marinara Sauce", "cnid": "1080", "productId": "185709", "size": "9 oz pkg"},
{"thumb": "http://i4.peapod.com/c/KK/KKNHZ.gif", "price": "250", "unit_price": "$.16/ oz", "name": "Bell's Stuffing Traditional", "cnid": "1080", "productId": "36878", "size": "16 oz box"},
{"thumb": "http://i4.peapod.com/c/KK/KKNHZ.gif", "price": "229", "unit_price": "$.41/ oz", "name": "Betty Crocker Hamburger Helper Classic Beef Pasta", "cnid": "1080", "productId": "1085", "size": "5.6 oz box"},
{"thumb": "http://i4.peapod.com/c/KK/KKNHZ.gif", "price": "229", "unit_price": "$.41/ oz", "name": "Betty Crocker Hamburger Helper Classic Stroganoff", "cnid": "1080", "productId": "1081", "size": "5.6 oz box"},
{"thumb": "http://i4.peapod.com/c/KK/KKNHZ.gif", "price": "229", "unit_price": "$.38/ oz", "name": "Betty Crocker Hamburger Helper Classic Three Cheese", "cnid": "1080", "productId": "26908", "size": "6 oz box"},
{"thumb": "http://i4.peapod.com/c/KK/KKNHZ.gif", "price": "229", "unit_price": "$.36/ oz", "name": "Betty Crocker Hamburger Helper Lasagna Italian", "cnid": "1080", "productId": "1080", "size": "6.4 oz box"},
{"thumb": "http://i4.peapod.com/c/KK/KKNHZ.gif", "price": "229", "unit_price": "$.36/ oz", "name": "Betty Crocker Tuna Helper Classic Creamy Broccoli", "cnid": "1080", "productId": "18190", "size": "6.4 oz box"},
{"thumb": "http://i4.peapod.com/c/KK/KKNHZ.gif", "price": "95", "unit_price": "$.21/ oz", "name": "Carolina Long Grain & Wild Rice with Seasonings", "cnid": "1080", "productId": "123639", "size": "4.5 oz pkt"},
{"thumb": "http://i4.peapod.com/c/KK/KKNHZ.gif", "price": "95", "unit_price": "$.19/ oz", "name": "Carolina Rice Pilaf Classic", "cnid": "1080", "productId": "71841", "size": "5 oz pkt"},
{"thumb": "http://i4.peapod.com/c/KK/KKNHZ.gif", "price": "95", "unit_price": "$.19/ oz", "name": "Carolina Yellow Rice Mix with Seasonings", "cnid": "1080", "productId": "71846", "size": "5 oz bag"},
{"thumb": "http://i4.peapod.com/c/KK/KKNHZ.gif", "price": "250", "unit_price": "$.25/ oz", "name": "Dinty Moore Beef Stew Microwavable", "cnid": "1080", "productId": "155823", "size": "10 oz pkg"},
{"thumb": "http://i4.peapod.com/c/KK/KKNHZ.gif", "price": "219", "unit_price": "$.27/ oz", "name": "Goya Rice Mexican Style Chicken Flavor", "cnid": "1080", "productId": "14544", "size": "8 oz box"},
{"thumb": "http://i4.peapod.com/c/KK/KKNHZ.gif", "price": "219", "unit_price": "$.27/ oz", "name": "Goya Rice Seasoned with Beans Red", "cnid": "1080", "productId": "71824", "size": "8 oz box"},
{"thumb": "http://i4.peapod.com/c/KK/KKNHZ.gif", "price": "199", "unit_price": "$.25/ oz", "name": "Goya Yellow Rice Spanish Style", "cnid": "1080", "productId": "14543", "size": "8 oz box"},
{"thumb": "http://i4.peapod.com/c/KK/KKNHZ.gif", "price": "249", "unit_price": "$.18/ oz", "name": "Goya Yellow Rice Spanish Style", "cnid": "1080", "productId": "122300", "size": "14 oz box"},
{"thumb": "http://i4.peapod.com/c/KK/KKNHZ.gif", "price": "200", "unit_price": "$.29/ oz", "name": "Healthy Choice Fresh Mixers Rotini & Zesty Marinara Sauce", "cnid": "1080", "productId": "153107", "size": "6.95 oz pkg"},
{"thumb": "http://i4.peapod.com/c/KK/KKNHZ.gif", "price": "200", "unit_price": "$.29/ oz", "name": "Healthy Choice Lunch Express Italian Style Penne", "cnid": "1080", "productId": "153108", "size": "6.95 oz pkg"},
{"thumb": "http://i4.peapod.com/c/KK/KKNHZ.gif", "price": "250", "unit_price": "$.25/ oz", "name": "Hormel Compleats Chicken Marinara Microwavable", "cnid": "1080", "productId": "155821", "size": "10 oz pkg"},
{"thumb": "http://i4.peapod.com/c/KK/KKNHZ.gif", "price": "250", "unit_price": "$.25/ oz", "name": "Hormel Compleats Homestyle Chicken & Rice Microwavable", "cnid": "1080", "productId": "155822", "size": "10 oz pkg"},
{"thumb": "http://i4.peapod.com/c/KK/KKNHZ.gif", "price": "250", "unit_price": "$.25/ oz", "name": "Hormel Compleats Homestyle Chicken Alfredo Microwavable", "cnid": "1080", "productId": "155818", "size": "10 oz pkg"},
{"thumb": "http://i4.peapod.com/c/KK/KKNHZ.gif", "price": "250", "unit_price": "$.25/ oz", "name": "Hormel Compleats Homestyle Swedish Meatballs Microwavable", "cnid": "1080", "productId": "155817", "size": "10 oz pkg"},
{"thumb": "http://i4.peapod.com/c/KK/KKNHZ.gif", "price": "299", "unit_price": "$.15/ oz", "name": "Kashi Pilaf 7 Whole Grain - 3 ct", "cnid": "1080", "productId": "162020", "size": "19.5 oz box"},
{"thumb": "http://i4.peapod.com/c/KK/KKNHZ.gif", "price": "150", "unit_price": "$.32/ oz", "name": "Knorr Asian Sides Teriyaki Noodles", "cnid": "1080", "productId": "127927", "size": "4.7 oz pkt"},
{"thumb": "http://i4.peapod.com/c/KK/KKNHZ.gif", "price": "150", "unit_price": "$.28/ oz", "name": "Knorr Asian Sides Teriyaki Rice", "cnid": "1080", "productId": "58952", "size": "5.4 oz pkt"},
{"thumb": "http://i4.peapod.com/c/KK/KKNHZ.gif", "price": "150", "unit_price": "$.28/ oz", "name": "Knorr Fiesta Sides Mexican Rice", "cnid": "1080", "productId": "131464", "size": "5.4 oz pkt"},
{"thumb": "http://i4.peapod.com/c/KK/KKNHZ.gif", "price": "150", "unit_price": "$.27/ oz", "name": "Knorr Fiesta Sides Spanish Rice", "cnid": "1080", "productId": "4180", "size": "5.6 oz pkt"},
{"thumb": "http://i4.peapod.com/c/KK/KKNHZ.gif", "price": "150", "unit_price": "$.36/ oz", "name": "Knorr Italian Sides Fettuccini Scampi", "cnid": "1080", "productId": "157776", "size": "4.2 oz pkt"},
{"thumb": "http://i4.peapod.com/c/KK/KKNHZ.gif", "price": "150", "unit_price": "$.34/ oz", "name": "Knorr Pasta Sides Alfredo", "cnid": "1080", "productId": "4175", "size": "4.4 oz pkt"},
{"thumb": "http://i4.peapod.com/c/KK/KKNHZ.gif", "price": "150", "unit_price": "$.33/ oz", "name": "Knorr Pasta Sides Alfredo Broccoli", "cnid": "1080", "productId": "72482", "size": "4.5 oz pkt"},
{"thumb": "http://i4.peapod.com/c/KK/KKNHZ.gif", "price": "150", "unit_price": "$.33/ oz", "name": "Knorr Pasta Sides Butter", "cnid": "1080", "productId": "4172", "size": "4.5 oz pkt"},
{"thumb": "http://i4.peapod.com/c/KK/KKNHZ.gif", "price": "150", "unit_price": "$.34/ oz", "name": "Knorr Pasta Sides Butter & Herb", "cnid": "1080", "productId": "4173", "size": "4.4 oz pkt"},
{"thumb": "http://i4.peapod.com/c/KK/KKNHZ.gif", "price": "150", "unit_price": "$.31/ oz", "name": "Knorr Pasta Sides Cheddar Broccoli", "cnid": "1080", "productId": "4184", "size": "4.8 oz pkt"},
{"thumb": "http://i4.peapod.com/c/KK/KKNHZ.gif", "price": "150", "unit_price": "$.40/ oz", "name": "Knorr Pasta Sides Cheesy Bacon Macaroni", "cnid": "1080", "productId": "157777", "size": "3.8 oz pkt"},
{"thumb": "http://i4.peapod.com/c/KK/KKNHZ.gif", "price": "150", "unit_price": "$.35/ oz", "name": "Knorr Pasta Sides Chicken Flavor", "cnid": "1080", "productId": "4170", "size": "4.3 oz pkt"},
{"thumb": "http://i4.peapod.com/c/KK/KKNHZ.gif", "price": "150", "unit_price": "$.36/ oz", "name": "Knorr Pasta Sides Creamy Chicken Flavor", "cnid": "1080", "productId": "72641", "size": "4.2 oz pkt"},
{"thumb": "http://i4.peapod.com/c/KK/KKNHZ.gif", "price": "150", "unit_price": "$.38/ oz", "name": "Knorr Pasta Sides Menu Flavors Smokehouse Bacon Parmesan Flavor", "cnid": "1080", "productId": "186415", "size": "4 oz pkt"},
{"thumb": "http://i4.peapod.com/c/KK/KKNHZ.gif", "price": "150", "unit_price": "$.33/ oz", "name": "Knorr Pasta Sides Menu Flavors Thai Sweet Chili", "cnid": "1080", "productId": "186414", "size": "4.5 oz pkt"},
{"thumb": "http://i4.peapod.com/c/KK/KKNHZ.gif", "price": "150", "unit_price": "$.35/ oz", "name": "Knorr Pasta Sides Parmesan", "cnid": "1080", "productId": "4177", "size": "4.3 oz pkt"},
{"thumb": "http://i4.peapod.com/c/KK/KKNHZ.gif", "price": "150", "unit_price": "$.38/ oz", "name": "Knorr Pasta Sides Stroganoff", "cnid": "1080", "productId": "4176", "size": "4 oz pkt"},
{"thumb": "http://i4.peapod.com/c/KK/KKNHZ.gif", "price": "150", "unit_price": "$.26/ oz", "name": "Knorr Rice Sides Cheddar Broccoli", "cnid": "1080", "productId": "4182", "size": "5.7 oz pkt"},
{"thumb": "http://i4.peapod.com/c/KK/KKNHZ.gif", "price": "150", "unit_price": "$.27/ oz", "name": "Knorr Rice Sides Chicken Broccoli Flavor", "cnid": "1080", "productId": "74932", "size": "5.5 oz pkt"},
{"thumb": "http://i4.peapod.com/c/KK/KKNHZ.gif", "price": "150", "unit_price": "$.27/ oz", "name": "Knorr Rice Sides Chicken Flavor", "cnid": "1080", "productId": "4178", "size": "5.6 oz pkt"},
{"thumb": "http://i4.peapod.com/c/KK/KKNHZ.gif", "price": "167", "unit_price": "$.31/ oz", "name": "Knorr Rice Sides Herb & Butter", "cnid": "1080", "productId": "10913", "size": "5.4 oz pkt"},
{"thumb": "http://i4.peapod.com/c/KK/KKNHZ.gif", "price": "150", "unit_price": "$.28/ oz", "name": "Knorr Rice Sides Rice Pilaf", "cnid": "1080", "productId": "10914", "size": "5.3 oz pkt"},
{"thumb": "http://i4.peapod.com/c/KK/KKNHZ.gif", "price": "250", "unit_price": "$.20/ oz", "name": "Kraft Homestyle Macaroni & Cheese Dinner Classic Cheddar", "cnid": "1080", "productId": "158916", "size": "12.6 oz bag"},
{"thumb": "http://i4.peapod.com/c/KK/KKNHZ.gif", "price": "250", "unit_price": "$.20/ oz", "name": "Kraft Homestyle Macaroni & Cheese Dinner Creamy Parmesan Alfredo", "cnid": "1080", "productId": "159259", "size": "12.6 oz bag"},
{"thumb": "http://i4.peapod.com/c/KK/KKNHZ.gif", "price": "250", "unit_price": "$.20/ oz", "name": "Kraft Homestyle Macaroni & Cheese Dinner Hearty Four Cheese", "cnid": "1080", "productId": "159260", "size": "12.6 oz bag"},
{"thumb": "http://i4.peapod.com/c/KK/KKNHZ.gif", "price": "250", "unit_price": "$.18/ oz", "name": "Kraft Macaroni & Cheese Deluxe Dinner Original Cheddar", "cnid": "1080", "productId": "1859", "size": "14 oz box"},
{"thumb": "http://i4.peapod.com/c/KK/KKNHZ.gif", "price": "429", "unit_price": "$.33/ oz", "name": "Kraft Macaroni & Cheese Dinner Easy Mac Original Flavor - 6 ct", "cnid": "1080", "productId": "101663", "size": "12.9 oz box"},
{"thumb": "http://i4.peapod.com/c/KK/KKNHZ.gif", "price": "133", "unit_price": "$.24/ oz", "name": "Kraft Macaroni & Cheese Dinner Madagascar", "cnid": "1080", "productId": "162645", "size": "5.5 oz box"},
{"thumb": "http://i4.peapod.com/c/KK/KKNHZ.gif", "price": "100", "unit_price": "$.53/ oz", "name": "Kraft Macaroni & Cheese Dinner Madagascar Shapes", "cnid": "1080", "productId": "161331", "size": "1.9 oz cup"},
{"thumb": "http://i4.peapod.com/c/KK/KKNHZ.gif", "price": "100", "unit_price": "$.49/ oz", "name": "Kraft Macaroni & Cheese Dinner Original Flavor", "cnid": "1080", "productId": "140511", "size": "2.05 oz cup"},
{"thumb": "http://i4.peapod.com/c/KK/KKNHZ.gif", "price": "125", "unit_price": "$.17/ oz", "name": "Kraft Macaroni & Cheese Dinner Original Flavor", "cnid": "1080", "productId": "1858", "size": "7.25 oz box"},
{"thumb": "http://i4.peapod.com/c/KK/KKNHZ.gif", "price": "499", "unit_price": "$.14/ oz", "name": "Kraft Macaroni & Cheese Dinner Original Flavor - 5 ct", "cnid": "1080", "productId": "47290", "size": "36.2 oz pkg"},
{"thumb": "http://i4.peapod.com/c/KK/KKNHZ.gif", "price": "245", "unit_price": "$.17/ oz", "name": "Kraft Macaroni & Cheese Dinner Original Flavor Family Size", "cnid": "1080", "productId": "1864", "size": "14.5 oz box"},
{"thumb": "http://i4.peapod.com/c/KK/KKNHZ.gif", "price": "133", "unit_price": "$.18/ oz", "name": "Kraft Macaroni & Cheese Dinner Premium Thick & Creamy", "cnid": "1080", "productId": "41848", "size": "7.25 oz box"},
{"thumb": "http://i4.peapod.com/c/KK/KKNHZ.gif", "price": "133", "unit_price": "$.24/ oz", "name": "Kraft Macaroni & Cheese Dinner Spirals", "cnid": "1080", "productId": "1865", "size": "5.5 oz box"},
{"thumb": "http://i4.peapod.com/c/KK/KKNHZ.gif", "price": "133", "unit_price": "$.24/ oz", "name": "Kraft Macaroni & Cheese Dinner SpongeBob Squarepants", "cnid": "1080", "productId": "139296", "size": "5.5 oz box"},
{"thumb": "http://i4.peapod.com/c/KK/KKNHZ.gif", "price": "100", "unit_price": "$.53/ oz", "name": "Kraft Macaroni & Cheese Dinner SpongeBob SquarePants Shapes", "cnid": "1080", "productId": "158919", "size": "1.9 oz cup"},
{"thumb": "http://i4.peapod.com/c/KK/KKNHZ.gif", "price": "133", "unit_price": "$.18/ oz", "name": "Kraft Macaroni & Cheese Dinner Three Cheese with Mini-Shell Pasta", "cnid": "1080", "productId": "49370", "size": "7.25 oz box"},
{"thumb": "http://i4.peapod.com/c/KK/KKNHZ.gif", "price": "449", "unit_price": "$.37/ oz", "name": "Kraft Stove Top Everyday Stuffing Mix Chicken", "cnid": "1080", "productId": "6022", "size": "12 oz can"},
{"thumb": "http://i4.peapod.com/c/KK/KKNHZ.gif", "price": "279", "unit_price": "$.47/ oz", "name": "Kraft Stove Top Stuffing Mix Chicken", "cnid": "1080", "productId": "6017", "size": "6 oz box"},
{"thumb": "http://i4.peapod.com/c/KK/KKNHZ.gif", "price": "279", "unit_price": "$.47/ oz", "name": "Kraft Stove Top Stuffing Mix Chicken Low Sodium", "cnid": "1080", "productId": "30013", "size": "6 oz box"},
{"thumb": "http://i4.peapod.com/c/KK/KKNHZ.gif", "price": "279", "unit_price": "$.47/ oz", "name": "Kraft Stove Top Stuffing Mix Pork", "cnid": "1080", "productId": "6023", "size": "6 oz box"},
{"thumb": "http://i4.peapod.com/c/KK/KKNHZ.gif", "price": "279", "unit_price": "$.47/ oz", "name": "Kraft Stove Top Stuffing Mix Savory Herbs", "cnid": "1080", "productId": "6019", "size": "6 oz box"},
{"thumb": "http://i4.peapod.com/c/KK/KKNHZ.gif", "price": "279", "unit_price": "$.47/ oz", "name": "Kraft Stove Top Stuffing Mix Turkey", "cnid": "1080", "productId": "16004", "size": "6 oz box"},
{"thumb": "http://i4.peapod.com/c/KK/KKNHZ.gif", "price": "250", "unit_price": "$.21/ oz", "name": "Kraft Velveeta Shells & Cheese", "cnid": "1080", "productId": "1863", "size": "12 oz box"},
{"thumb": "http://i4.peapod.com/c/KK/KKNHZ.gif", "price": "529", "unit_price": "$.22/ oz", "name": "Kraft Velveeta Shells & Cheese Family Size", "cnid": "1080", "productId": "92395", "size": "24 oz box"},
{"thumb": "http://i4.peapod.com/c/KK/KKNHZ.gif", "price": "200", "unit_price": "$.33/ oz", "name": "Nature's Promise Organics Macaroni & Cheese Cheddar", "cnid": "1080", "productId": "136685", "size": "6 oz box"},
{"thumb": "http://i4.peapod.com/c/KK/KKNHZ.gif", "price": "200", "unit_price": "$.33/ oz", "name": "Nature's Promise Organics Shells & Cheese White Cheddar", "cnid": "1080", "productId": "136686", "size": "6 oz box"},
{"thumb": "http://i4.peapod.com/c/KK/KKNHZ.gif", "price": "199", "unit_price": "$.32/ oz", "name": "Near East Rice Pilaf Mix Chicken Flavor 100% Natural", "cnid": "1080", "productId": "10733", "size": "6.25 oz box"},
{"thumb": "http://i4.peapod.com/c/KK/KKNHZ.gif", "price": "199", "unit_price": "$.32/ oz", "name": "Near East Rice Pilaf Mix Garlic & Herb 100% Natural", "cnid": "1080", "productId": "111681", "size": "6.3 oz box"},
{"thumb": "http://i4.peapod.com/c/KK/KKNHZ.gif", "price": "199", "unit_price": "$.33/ oz", "name": "Near East Rice Pilaf Mix Original 100% Natural", "cnid": "1080", "productId": "8656", "size": "6.09 oz box"},
{"thumb": "http://i4.peapod.com/c/KK/KKNHZ.gif", "price": "199", "unit_price": "$.32/ oz", "name": "Near East Rice Pilaf Mix Wild Mushroom & Herb 100% Natural", "cnid": "1080", "productId": "111630", "size": "6.3 oz box"},
{"thumb": "http://i4.peapod.com/c/KK/KKNHZ.gif", "price": "279", "unit_price": "$.53/ oz", "name": "Near East Taboule Mix Wheat Salad 100% Natural", "cnid": "1080", "productId": "8655", "size": "5.25 oz box"},
{"thumb": "http://i4.peapod.com/c/KK/KKNHZ.gif", "price": "279", "unit_price": "$.45/ oz", "name": "Near East Whole Grain Blends Brown Rice Pilaf with Orzo Pasta 100% Natural", "cnid": "1080", "productId": "73669", "size": "6.25 oz box"},
{"thumb": "http://i4.peapod.com/c/KK/KKNHZ.gif", "price": "250", "unit_price": "$.18/ oz", "name": "Old El Paso Dinner Kit Enchilada - 6 ct", "cnid": "1080", "productId": "157577", "size": "14 oz box"},
{"thumb": "http://i4.peapod.com/c/KK/KKNHZ.gif", "price": "250", "unit_price": "$.20/ oz", "name": "Old El Paso Dinner Kit Fajita - 10 ct", "cnid": "1080", "productId": "79914", "size": "12.5 oz box"},
{"thumb": "http://i4.peapod.com/c/KK/KKNHZ.gif", "price": "250", "unit_price": "$.20/ oz", "name": "Old El Paso Dinner Kit Soft Taco - 10 ct", "cnid": "1080", "productId": "47087", "size": "12.5 oz box"},
{"thumb": "http://i4.peapod.com/c/KK/KKNHZ.gif", "price": "250", "unit_price": "$.28/ oz", "name": "Old El Paso Dinner Kit Taco - 12 ct", "cnid": "1080", "productId": "6487", "size": "8.8 oz box"},
{"thumb": "http://i4.peapod.com/c/KK/KKNHZ.gif", "price": "250", "unit_price": "$.28/ oz", "name": "Old El Paso Stand 'N Stuff Dinner Kit Taco - 10 ct", "cnid": "1080", "productId": "135496", "size": "8.8 oz box"},
{"thumb": "http://i4.peapod.com/c/KK/KKNHZ.gif", "price": "100", "unit_price": "$.20/ oz", "name": "Pasta Roni Classic Side Dish Angel Hair Pasta Parmesan Cheese", "cnid": "1080", "productId": "1042", "size": "5.1 oz box"},
{"thumb": "http://i4.peapod.com/c/KK/KKNHZ.gif", "price": "100", "unit_price": "$.21/ oz", "name": "Pasta Roni Classic Side Dish Angel Hair with Herbs", "cnid": "1080", "productId": "45056", "size": "4.8 oz box"},
{"thumb": "http://i4.peapod.com/c/KK/KKNHZ.gif", "price": "100", "unit_price": "$.21/ oz", "name": "Pasta Roni Classic Side Dish Fettuccine Alfredo", "cnid": "1080", "productId": "1041", "size": "4.7 oz box"},
{"thumb": "http://i4.peapod.com/c/KK/KKNHZ.gif", "price": "100", "unit_price": "$.22/ oz", "name": "Pasta Roni Classic Side Dish Garlic & Olive Oil Vermicelli", "cnid": "1080", "productId": "43915", "size": "4.6 oz box"},
{"thumb": "http://i4.peapod.com/c/KK/KKNHZ.gif", "price": "100", "unit_price": "$.16/ oz", "name": "Pasta Roni Classic Side Dish Shells & White Cheddar", "cnid": "1080", "productId": "15179", "size": "6.2 oz box"},
{"thumb": "http://i4.peapod.com/c/KK/KKNHZ.gif", "price": "299", "unit_price": "$.21/ oz", "name": "Pepperidge Farm Stuffing Cornbread", "cnid": "1080", "productId": "11816", "size": "14 oz bag"},
{"thumb": "http://i4.peapod.com/c/KK/KKNHZ.gif", "price": "299", "unit_price": "$.25/ oz", "name": "Pepperidge Farm Stuffing Country Style Cubed", "cnid": "1080", "productId": "11817", "size": "12 oz bag"},
{"thumb": "http://i4.peapod.com/c/KK/KKNHZ.gif", "price": "299", "unit_price": "$.21/ oz", "name": "Pepperidge Farm Stuffing Herb Seasoned", "cnid": "1080", "productId": "774", "size": "14 oz bag"},
{"thumb": "http://i4.peapod.com/c/KK/KKNHZ.gif", "price": "299", "unit_price": "$.25/ oz", "name": "Pepperidge Farm Stuffing Herb Seasoned Cubed", "cnid": "1080", "productId": "11818", "size": "12 oz bag"},
{"thumb": "http://i4.peapod.com/c/KK/KKNHZ.gif", "price": "100", "unit_price": "$.16/ oz", "name": "Rice-A-Roni Side Dish Beef Flavor", "cnid": "1080", "productId": "1025", "size": "6.2 oz box"},
{"thumb": "http://i4.peapod.com/c/KK/KKNHZ.gif", "price": "100", "unit_price": "$.15/ oz", "name": "Rice-A-Roni Side Dish Broccoli Au Gratin Flavor", "cnid": "1080", "productId": "75582", "size": "6.5 oz box"},
{"thumb": "http://i4.peapod.com/c/KK/KKNHZ.gif", "price": "100", "unit_price": "$.16/ oz", "name": "Rice-A-Roni Side Dish Chicken Flavor", "cnid": "1080", "productId": "1024", "size": "6.2 oz box"},
{"thumb": "http://i4.peapod.com/c/KK/KKNHZ.gif", "price": "100", "unit_price": "$.14/ oz", "name": "Rice-A-Roni Side Dish Rice Pilaf", "cnid": "1080", "productId": "1029", "size": "7.2 oz box"},
{"thumb": "http://i4.peapod.com/c/KK/KKNHZ.gif", "price": "100", "unit_price": "$.15/ oz", "name": "Rice-A-Roni Spanish Rice Side Dish", "cnid": "1080", "productId": "1028", "size": "6.8 oz box"},
{"thumb": "http://i4.peapod.com/c/KK/KKNHZ.gif", "price": "95", "unit_price": "$.13/ oz", "name": "Stop & Shop Macaroni & Cheese Dinner Original", "cnid": "1080", "productId": "56819", "size": "7.25 oz box"},
{"thumb": "http://i4.peapod.com/c/KK/KKNHZ.gif", "price": "209", "unit_price": "$.17/ oz", "name": "Stop & Shop Shells & Cheese Dinner Deluxe", "cnid": "1080", "productId": "56826", "size": "12 oz box"},
{"thumb": "http://i4.peapod.com/c/KK/KKNHZ.gif", "price": "109", "unit_price": "$.18/ oz", "name": "Stop & Shop Spirals & Cheese Dinner", "cnid": "1080", "productId": "56824", "size": "6 oz box"},
{"thumb": "http://i4.peapod.com/c/KK/KKNHZ.gif", "price": "229", "unit_price": "$.26/ oz", "name": "Uncle Ben's Ready Rice Garden Vegetable", "cnid": "1080", "productId": "148112", "size": "8.8 oz pkg"},
{"thumb": "http://i4.peapod.com/c/KK/KKNHZ.gif", "price": "229", "unit_price": "$.26/ oz", "name": "Uncle Ben's Ready Rice Pilaf Rice with Orzo Pasta", "cnid": "1080", "productId": "137134", "size": "8.8 oz pkg"},
{"thumb": "http://i4.peapod.com/c/KK/KKNHZ.gif", "price": "229", "unit_price": "$.26/ oz", "name": "Uncle Ben's Ready Rice Spanish Style with Tomatoes & Peppers", "cnid": "1080", "productId": "134267", "size": "8.8 oz pkg"},
{"thumb": "http://i4.peapod.com/c/KK/KKNHZ.gif", "price": "229", "unit_price": "$.26/ oz", "name": "Uncle Ben's Ready Rice with Carrots & Herbs Roasted Chicken Flavored", "cnid": "1080", "productId": "134272", "size": "8.8 oz pkg"},
{"thumb": "http://i4.peapod.com/c/KK/KKNHZ.gif", "price": "219", "unit_price": "$.31/ oz", "name": "Zatarain's New Orleans Style Beans Black & Rice", "cnid": "1080", "productId": "111682", "size": "7 oz box"},
{"thumb": "http://i4.peapod.com/c/KK/KKNHZ.gif", "price": "219", "unit_price": "$.27/ oz", "name": "Zatarain's New Orleans Style Beans Red & Rice", "cnid": "1080", "productId": "80228", "size": "8 oz box"},
{"thumb": "http://i4.peapod.com/c/KK/KKNHZ.gif", "price": "219", "unit_price": "$.27/ oz", "name": "Zatarain's New Orleans Style Jambalaya Mix Original", "cnid": "1080", "productId": "52590", "size": "8 oz box"},
{"thumb": "http://i4.peapod.com/c/KK/KKNHZ.gif", "price": "219", "unit_price": "$.27/ oz", "name": "Zatarain's New Orleans Style Mix Dirty Rice", "cnid": "1080", "productId": "52592", "size": "8 oz box"},
{"thumb": "http://i4.peapod.com/c/KK/KKNHZ.gif", "price": "579", "unit_price": "$.36/ oz", "name": "Eden Organic Quinoa Whole Grain", "cnid": "1067", "productId": "153246", "size": "16 oz bag"},
{"thumb": "http://i4.peapod.com/c/KK/KKNHZ.gif", "price": "399", "unit_price": "$.73/ oz", "name": "Roland Quinoa Garden Vegetable Gluten Free All Natural", "cnid": "1067", "productId": "175188", "size": "5.46 oz pkg"},
{"thumb": "http://i4.peapod.com/c/KK/KKNHZ.gif", "price": "549", "unit_price": "$.46/ oz", "name": "Roland Quinoa White", "cnid": "1067", "productId": "163692", "size": "12 oz box"},
{"thumb": "http://i4.peapod.com/c/KK/KKNHZ.gif", "price": "100", "unit_price": "$.06/ oz", "name": "Stop & Shop Barley Pearl", "cnid": "1067", "productId": "159771", "size": "16 oz pkg"},
{"thumb": "http://i4.peapod.com/c/KK/KKNHZ.gif", "price": "419", "unit_price": "$.32/ oz", "name": "Wolff's Kasha Buckwheat Whole Granulation", "cnid": "1067", "productId": "157603", "size": "13 oz box"},
{"thumb": "http://i4.peapod.com/c/KK/KKNHZ.gif", "price": "579", "unit_price": "$.36/ oz", "name": "Eden Organic Quinoa Whole Grain", "cnid": "208554773", "productId": "153246", "size": "16 oz bag"},
{"thumb": "http://i4.peapod.com/c/KK/KKNHZ.gif", "price": "399", "unit_price": "$.73/ oz", "name": "Roland Quinoa Garden Vegetable Gluten Free All Natural", "cnid": "208554773", "productId": "175188", "size": "5.46 oz pkg"},
{"thumb": "http://i4.peapod.com/c/KK/KKNHZ.gif", "price": "549", "unit_price": "$.46/ oz", "name": "Roland Quinoa White", "cnid": "208554773", "productId": "163692", "size": "12 oz box"},
{"thumb": "http://i4.peapod.com/c/KK/KKNHZ.gif", "price": "100", "unit_price": "$.06/ oz", "name": "Stop & Shop Barley Pearl", "cnid": "208554773", "productId": "159771", "size": "16 oz pkg"},
{"thumb": "http://i4.peapod.com/c/KK/KKNHZ.gif", "price": "419", "unit_price": "$.32/ oz", "name": "Wolff's Kasha Buckwheat Whole Granulation", "cnid": "208554773", "productId": "157603", "size": "13 oz box"},
{"thumb": "http://i4.peapod.com/c/KK/KKNHZ.gif", "price": "419", "unit_price": "$.26/ oz", "name": "Anzio & Sons Ciabatta Rolls - 6 ct", "cnid": "156", "productId": "161028", "size": "16 oz pkg"},
{"thumb": "http://i4.peapod.com/c/KK/KKNHZ.gif", "price": "419", "unit_price": "$.28/ oz", "name": "Anzio & Sons Club Rolls - 8 ct", "cnid": "156", "productId": "138308", "size": "15 oz pkg"},
{"thumb": "http://i4.peapod.com/c/KK/KKNHZ.gif", "price": "419", "unit_price": "$.28/ oz", "name": "Anzio & Sons Hoagie Sub Rolls - 6 ct", "cnid": "156", "productId": "138303", "size": "15 oz pkg"},
{"thumb": "http://i4.peapod.com/c/KK/KKNHZ.gif", "price": "419", "unit_price": "$.26/ oz", "name": "Anzio & Sons Kaiser Rolls - 8 ct", "cnid": "156", "productId": "138306", "size": "16 oz pkg"},
{"thumb": "http://i4.peapod.com/c/KK/KKNHZ.gif", "price": "419", "unit_price": "$.23/ oz", "name": "Anzio & Sons Sandwich Rolls Hearty - 8 ct", "cnid": "156", "productId": "138307", "size": "18 oz pkg"},
{"thumb": "http://i4.peapod.com/c/KK/KKNHZ.gif", "price": "369", "unit_price": "$.23/ oz", "name": "Arnold Select Hamburger Rolls - 8 ct", "cnid": "156", "productId": "36233", "size": "16 oz pkg"},
{"thumb": "http://i4.peapod.com/c/KK/KKNHZ.gif", "price": "369", "unit_price": "$.26/ oz", "name": "Arnold Select Hot Dog Rolls - 8 ct", "cnid": "156", "productId": "36232", "size": "14 oz pkg"},
{"thumb": "http://i4.peapod.com/c/KK/KKNHZ.gif", "price": "369", "unit_price": "$.31/ oz", "name": "Arnold Select Hot Dog Rolls New England - 8 ct", "cnid": "156", "productId": "159056", "size": "12 oz pkg"},
{"thumb": "http://i4.peapod.com/c/KK/KKNHZ.gif", "price": "369", "unit_price": "$.26/ oz", "name": "Arnold Select Sandwich Rolls with Sesame Seeds - 8 ct", "cnid": "156", "productId": "36234", "size": "14 oz pkg"},
{"thumb": "http://i4.peapod.com/c/KK/KKNHZ.gif", "price": "349", "unit_price": "$.29/ oz", "name": "Arnold Select Sandwich Thins 100% Whole Wheat Pre-Sliced - 8 ct", "cnid": "156", "productId": "151776", "size": "12 oz pkg"},
{"thumb": "http://i4.peapod.com/c/KK/KKNHZ.gif", "price": "349", "unit_price": "$.29/ oz", "name": "Arnold Select Sandwich Thins Honey Wheat Pre-Sliced - 8 ct", "cnid": "156", "productId": "157611", "size": "12 oz pkg"},
{"thumb": "http://i4.peapod.com/c/KK/KKNHZ.gif", "price": "349", "unit_price": "$.29/ oz", "name": "Arnold Select Sandwich Thins Multigrain Pre-Sliced - 8 ct", "cnid": "156", "productId": "151735", "size": "12 oz pkg"},
{"thumb": "http://i4.peapod.com/c/KK/KKNHZ.gif", "price": "349", "unit_price": "$.29/ oz", "name": "Arnold Select Sandwich Thins White Whole Grain Pre-Sliced - 8 ct", "cnid": "156", "productId": "151736", "size": "12 oz pkg"},
{"thumb": "http://i4.peapod.com/c/KK/KKNHZ.gif", "price": "250", "unit_price": "$.21/ oz", "name": "Ball Park Hamburger Buns Pre-Sliced - 8 ct", "cnid": "156", "productId": "188872", "size": "12 oz pkg"},
{"thumb": "http://i4.peapod.com/c/KK/KKNHZ.gif", "price": "250", "unit_price": "$.21/ oz", "name": "Ball Park Hot Dog Buns Pre-Sliced - 8 ct", "cnid": "156", "productId": "188873", "size": "12 oz pkg"},
{"thumb": "http://i4.peapod.com/c/KK/KKNHZ.gif", "price": "300", "unit_price": "$.25/ oz", "name": "Barowsky's Bulkie Rolls - 6 ct", "cnid": "156", "productId": "151214", "size": "12 oz bag"},
{"thumb": "http://i4.peapod.com/c/KK/KKNHZ.gif", "price": "300", "unit_price": "$.20/ oz", "name": "Barowsky's Rolls Sub Low Fat 8 Inch - 6 ct", "cnid": "156", "productId": "152073", "size": "15 oz pkg"},
{"thumb": "http://i4.peapod.com/c/KK/KKNHZ.gif", "price": "329", "unit_price": "$.25/ oz", "name": "Calise & Sons Bakery Bulkie Rolls - 6 ct", "cnid": "156", "productId": "140805", "size": "13 oz bag"},
{"thumb": "http://i4.peapod.com/c/KK/KKNHZ.gif", "price": "329", "unit_price": "$.25/ oz", "name": "Calise & Sons Bakery Deli Rolls Potato - 6 ct", "cnid": "156", "productId": "164937", "size": "13 oz bag"},
{"thumb": "http://i4.peapod.com/c/KK/KKNHZ.gif", "price": "329", "unit_price": "$.22/ oz", "name": "Calise & Sons Bakery Kaiser Rolls 100% Whole Wheat - 6 ct", "cnid": "156", "productId": "146517", "size": "15 oz bag"},
{"thumb": "http://i4.peapod.com/c/KK/KKNHZ.gif", "price": "329", "unit_price": "$.18/ oz", "name": "Calise & Sons Bakery Sub Rolls - 6 ct", "cnid": "156", "productId": "146518", "size": "18 oz bag"},
{"thumb": "http://i4.peapod.com/c/KK/KKNHZ.gif", "price": "369", "unit_price": "$.23/ oz", "name": "Chabaso Bakery Ciabatta Rolls Classic All Natural - 8 ct", "cnid": "156", "productId": "130810", "size": "16 oz pkg"},
{"thumb": "http://i4.peapod.com/c/KK/KKNHZ.gif", "price": "369", "unit_price": "$.31/ oz", "name": "Chabaso Bakery Ciabatta Rolls Wheat All Natural - 6 ct", "cnid": "156", "productId": "157770", "size": "12 oz pkg"},
{"thumb": "http://i4.peapod.com/c/KK/KKNHZ.gif", "price": "319", "unit_price": "$.22/ oz", "name": "Chabaso Bakery Ciabatta Sandwich Rolls Toasted Onion All Natural - 4 ct", "cnid": "156", "productId": "159895", "size": "14.4 oz pkg"},
{"thumb": "http://i4.peapod.com/c/KK/KKNHZ.gif", "price": "329", "unit_price": "$.29/ oz", "name": "Country Kitchen Frankfurt Rolls - 8 ct", "cnid": "156", "productId": "151221", "size": "11.5 oz pkg"},
{"thumb": "http://i4.peapod.com/c/KK/KKNHZ.gif", "price": "329", "unit_price": "$.29/ oz", "name": "Country Kitchen Hamburger Rolls - 8 ct", "cnid": "156", "productId": "151220", "size": "11.5 oz pkg"},
{"thumb": "http://i4.peapod.com/c/KK/KKNHZ.gif", "price": "419", "unit_price": "$.36/ oz", "name": "Country Kitchen Hot Dog Rolls Wheat Light - 8 ct", "cnid": "156", "productId": "130447", "size": "11.5 oz pkg"},
{"thumb": "http://i4.peapod.com/c/KK/KKNHZ.gif", "price": "299", "unit_price": "$.25/ oz", "name": "Fantini Bulkie Rolls - 6 ct", "cnid": "156", "productId": "140803", "size": "12 oz pkg"},
{"thumb": "http://i4.peapod.com/c/KK/KKNHZ.gif", "price": "299", "unit_price": "$.25/ oz", "name": "Fantini French Rolls - 4 ct", "cnid": "156", "productId": "180652", "size": "12 oz pkg"},
{"thumb": "http://i4.peapod.com/c/KK/KKNHZ.gif", "price": "299", "unit_price": "$.19/ oz", "name": "Fantini Rolls Split Top - 6 ct", "cnid": "156", "productId": "140804", "size": "16 oz pkg"},
{"thumb": "http://i4.peapod.com/c/KK/KKNHZ.gif", "price": "349", "unit_price": "$.29/ oz", "name": "Freihofer's Hot Dog Rolls New England - 8 ct", "cnid": "156", "productId": "156685", "size": "12 oz pkg"},
{"thumb": "http://i4.peapod.com/c/KK/KKNHZ.gif", "price": "319", "unit_price": "$.20/ oz", "name": "Kasanof's Bulkie Rolls100% Whole Wheat - 6 ct", "cnid": "156", "productId": "140801", "size": "16 oz pkg"},
{"thumb": "http://i4.peapod.com/c/KK/KKNHZ.gif", "price": "319", "unit_price": "$.27/ oz", "name": "Kasanof's Bulkie Rolls Soft - 6 ct", "cnid": "156", "productId": "140799", "size": "12 oz pkg"},
{"thumb": "http://i4.peapod.com/c/KK/KKNHZ.gif", "price": "319", "unit_price": "$.23/ oz", "name": "Kasanof's Deli Rolls - 6 ct", "cnid": "156", "productId": "154809", "size": "14 oz pkg"},
{"thumb": "http://i4.peapod.com/c/KK/KKNHZ.gif", "price": "339", "unit_price": "$.24/ oz", "name": "Kasanof's Rolls Onion - 6 ct", "cnid": "156", "productId": "56233", "size": "14 oz pkg"},
{"thumb": "http://i4.peapod.com/c/KK/KKNHZ.gif", "price": "379", "unit_price": "$.21/ oz", "name": "Martin's Big Marty's Rolls with Sesame Seeds Large - 8 ct", "cnid": "156", "productId": "36227", "size": "18 oz pkg"},
{"thumb": "http://i4.peapod.com/c/KK/KKNHZ.gif", "price": "349", "unit_price": "$.23/ oz", "name": "Martin's Dinner Rolls Potato - 12 ct", "cnid": "156", "productId": "36219", "size": "15 oz pkg"},
{"thumb": "http://i4.peapod.com/c/KK/KKNHZ.gif", "price": "349", "unit_price": "$.23/ oz", "name": "Martin's Rolls Potato Long - 8 ct", "cnid": "156", "productId": "36226", "size": "15 oz pkg"},
{"thumb": "http://i4.peapod.com/c/KK/KKNHZ.gif", "price": "349", "unit_price": "$.23/ oz", "name": "Martin's Sandwich Rolls Potato - 8 ct", "cnid": "156", "productId": "36222", "size": "15 oz pkg"},
{"thumb": "http://i4.peapod.com/c/KK/KKNHZ.gif", "price": "399", "unit_price": "$.27/ oz", "name": "Nature's Own Hamburger Rolls 100% Whole Wheat", "cnid": "156", "productId": "186634", "size": "15 oz pkg"},
{"thumb": "http://i4.peapod.com/c/KK/KKNHZ.gif", "price": "399", "unit_price": "$.31/ oz", "name": "Nature's Own Hot Dog Rolls 100% Whole Wheat - 8 ct", "cnid": "156", "productId": "186633", "size": "13 oz pkg"},
{"thumb": "http://i4.peapod.com/c/KK/KKNHZ.gif", "price": "369", "unit_price": "$.37/ oz", "name": "Nature's Promise Naturals French Rolls - 6 ct", "cnid": "156", "productId": "140554", "size": "10 oz pkg"},
{"thumb": "http://i4.peapod.com/c/KK/KKNHZ.gif", "price": "349", "unit_price": "$.29/ oz", "name": "Pepperidge Farm Classic Hamburger Buns - 8 ct", "cnid": "156", "productId": "770", "size": "12.2 oz pkg"},
{"thumb": "http://i4.peapod.com/c/KK/KKNHZ.gif", "price": "349", "unit_price": "$.28/ oz", "name": "Pepperidge Farm Classic Hamburger Buns Soft 100% Whole Wheat - 8 ct", "cnid": "156", "productId": "130325", "size": "12.2 oz bag"},
{"thumb": "http://i4.peapod.com/c/KK/KKNHZ.gif", "price": "349", "unit_price": "$.27/ oz", "name": "Pepperidge Farm Classic Sandwich Buns with Sesame Seeds - 8 ct", "cnid": "156", "productId": "768", "size": "13 oz pkg"},
{"thumb": "http://i4.peapod.com/c/KK/KKNHZ.gif", "price": "349", "unit_price": "$.29/ oz", "name": "Pepperidge Farm Deli Flats Thin Rolls 100% Whole Wheat 100 Calorie - 8 ct", "cnid": "156", "productId": "155859", "size": "12 oz pkg"},
{"thumb": "http://i4.peapod.com/c/KK/KKNHZ.gif", "price": "349", "unit_price": "$.29/ oz", "name": "Pepperidge Farm Deli Flats Thin Rolls 7 Grain 100 Calorie - 8 ct", "cnid": "156", "productId": "155860", "size": "12 oz pkg"},
{"thumb": "http://i4.peapod.com/c/KK/KKNHZ.gif", "price": "349", "unit_price": "$.25/ oz", "name": "Pepperidge Farm Frankfurter Rolls Top Sliced - 8 ct", "cnid": "156", "productId": "98291", "size": "14 oz pkg"},
{"thumb": "http://i4.peapod.com/c/KK/KKNHZ.gif", "price": "169", "unit_price": "$.14/ oz", "name": "Stop & Shop Hamburger Rolls - 8 ct", "cnid": "156", "productId": "117893", "size": "12 oz pkg"},
{"thumb": "http://i4.peapod.com/c/KK/KKNHZ.gif", "price": "239", "unit_price": "$.20/ oz", "name": "Stop & Shop Hamburger Rolls Light - 8 ct", "cnid": "156", "productId": "144834", "size": "12 oz pkg"},
{"thumb": "http://i4.peapod.com/c/KK/KKNHZ.gif", "price": "239", "unit_price": "$.20/ oz", "name": "Stop & Shop Hamburger Rolls Wheat Light - 8 ct", "cnid": "156", "productId": "144835", "size": "12 oz pkg"},
{"thumb": "http://i4.peapod.com/c/KK/KKNHZ.gif", "price": "169", "unit_price": "$.14/ oz", "name": "Stop & Shop Hamburger Rolls with Sesame Seeds - 8 ct", "cnid": "156", "productId": "127246", "size": "12 oz pkg"},
{"thumb": "http://i4.peapod.com/c/KK/KKNHZ.gif", "price": "169", "unit_price": "$.14/ oz", "name": "Stop & Shop Hot Dog Rolls - 8 ct", "cnid": "156", "productId": "56263", "size": "12 oz pkg"},
{"thumb": "http://i4.peapod.com/c/KK/KKNHZ.gif", "price": "239", "unit_price": "$.20/ oz", "name": "Stop & Shop Hot Dog Rolls Light - 8 ct", "cnid": "156", "productId": "144837", "size": "12 oz pkg"},
{"thumb": "http://i4.peapod.com/c/KK/KKNHZ.gif", "price": "249", "unit_price": "$.14/ oz", "name": "Stop & Shop Hot Dog Rolls New England Style - 12 ct", "cnid": "156", "productId": "118271", "size": "18 oz pkg"},
{"thumb": "http://i4.peapod.com/c/KK/KKNHZ.gif", "price": "169", "unit_price": "$.19/ oz", "name": "Stop & Shop Hot Dog Rolls Sliced - 6 ct", "cnid": "156", "productId": "124552", "size": "9 oz pkg"},
{"thumb": "http://i4.peapod.com/c/KK/KKNHZ.gif", "price": "239", "unit_price": "$.20/ oz", "name": "Stop & Shop Hot Dog Rolls Wheat Light - 8 ct", "cnid": "156", "productId": "144838", "size": "12 oz pkg"},
{"thumb": "http://i4.peapod.com/c/KK/KKNHZ.gif", "price": "279", "unit_price": "$.17/ oz", "name": "Stop & Shop Rolls Sub Homestyle White - 6 ct", "cnid": "156", "productId": "175134", "size": "16 oz pkg"},
{"thumb": "http://i4.peapod.com/c/KK/KKNHZ.gif", "price": "279", "unit_price": "$.12/ oz", "name": "Stop & Shop Sandwich Rolls Homestyle Wheat - 8 ct", "cnid": "156", "productId": "175132", "size": "24 oz pkg"},
{"thumb": "http://i4.peapod.com/c/KK/KKNHZ.gif", "price": "269", "unit_price": "$.22/ oz", "name": "Stop & Shop Sandwich Rolls Thin Multigrain - 8 ct", "cnid": "156", "productId": "178266", "size": "12 oz pkg"},
{"thumb": "http://i4.peapod.com/c/KK/KKNHZ.gif", "price": "229", "unit_price": "$.21/ oz", "name": "The Bake Shop Biscuits Southern - 4 ct", "cnid": "156", "productId": "139251", "size": "11 oz pkg"},
{"thumb": "http://i4.peapod.com/c/KK/KKNHZ.gif", "price": "299", "unit_price": "$.30/ ea", "name": "The Bake Shop Dinner Rolls French", "cnid": "156", "productId": "140387", "size": "10 ct pkg"},
{"thumb": "http://i4.peapod.com/c/KK/KKNHZ.gif", "price": "379", "unit_price": "$.24/ oz", "name": "The Bake Shop Dinner Rolls Snow Flake - 12 ct", "cnid": "156", "productId": "56970", "size": "16 oz pkg"},
{"thumb": "http://i4.peapod.com/c/KK/KKNHZ.gif", "price": "379", "unit_price": "$.32/ ea", "name": "The Bake Shop Dinner Rolls Soft", "cnid": "156", "productId": "56968", "size": "12 ct pkg"},
{"thumb": "http://i4.peapod.com/c/KK/KKNHZ.gif", "price": "379", "unit_price": "$.24/ oz", "name": "The Bake Shop Finger Rolls Seedless - 16 ct", "cnid": "156", "productId": "56972", "size": "16 oz pkg"},
{"thumb": "http://i4.peapod.com/c/KK/KKNHZ.gif", "price": "299", "unit_price": "$.50/ ea", "name": "The Bake Shop Grinder Rolls", "cnid": "156", "productId": "116142", "size": "6 ct pkg"},
{"thumb": "http://i4.peapod.com/c/KK/KKNHZ.gif", "price": "259", "unit_price": "$.65/ ea", "name": "The Bake Shop Grinder Rolls", "cnid": "156", "productId": "123681", "size": "4 ct pkg"},
{"thumb": "http://i4.peapod.com/c/KK/KKNHZ.gif", "price": "329", "unit_price": "$.18/ oz", "name": "The Bake Shop Hamburger Rolls Split Top - 8 ct", "cnid": "156", "productId": "137609", "size": "18 oz pkg"},
{"thumb": "http://i4.peapod.com/c/KK/KKNHZ.gif", "price": "329", "unit_price": "$.27/ oz", "name": "The Bake Shop Hoagie Rolls - 6 ct", "cnid": "156", "productId": "158409", "size": "12 oz pkg"},
{"thumb": "http://i4.peapod.com/c/KK/KKNHZ.gif", "price": "329", "unit_price": "$.18/ oz", "name": "The Bake Shop Hot Dog Rolls Split Top - 8 ct", "cnid": "156", "productId": "92402", "size": "18 oz pkg"},
{"thumb": "http://i4.peapod.com/c/KK/KKNHZ.gif", "price": "259", "unit_price": "$.65/ ea", "name": "The Bake Shop Kaiser Rolls", "cnid": "156", "productId": "123680", "size": "4 ct pkg"},
{"thumb": "http://i4.peapod.com/c/KK/KKNHZ.gif", "price": "269", "unit_price": "$.45/ ea", "name": "The Bake Shop Kaiser Rolls Plain", "cnid": "156", "productId": "116147", "size": "6 ct pkg"},
{"thumb": "http://i4.peapod.com/c/KK/KKNHZ.gif", "price": "269", "unit_price": "$.45/ ea", "name": "The Bake Shop Kaiser Rolls Poppy Seeds", "cnid": "156", "productId": "116145", "size": "6 ct pkg"},
{"thumb": "http://i4.peapod.com/c/KK/KKNHZ.gif", "price": "199", "unit_price": "$.33/ ea", "name": "The Bake Shop Kaiser Rolls Sesame Seeds", "cnid": "156", "productId": "116146", "size": "6 ct pkg"},
{"thumb": "http://i4.peapod.com/c/KK/KKNHZ.gif", "price": "299", "unit_price": "$.50/ ea", "name": "The Bake Shop Kaiser Rolls Wheat", "cnid": "156", "productId": "185539", "size": "6 ct pkg"},
{"thumb": "http://i4.peapod.com/c/KK/KKNHZ.gif", "price": "259", "unit_price": "$.65/ ea", "name": "The Bake Shop Portuguese Rolls", "cnid": "156", "productId": "123676", "size": "4 ct pkg"},
{"thumb": "http://i4.peapod.com/c/KK/KKNHZ.gif", "price": "329", "unit_price": "$.27/ oz", "name": "The Bake Shop Portuguese Rolls - 6 ct", "cnid": "156", "productId": "158408", "size": "12 oz pkg"},
{"thumb": "http://i4.peapod.com/c/KK/KKNHZ.gif", "price": "259", "unit_price": "$.65/ ea", "name": "The Bake Shop Rolls Miami Onion", "cnid": "156", "productId": "123677", "size": "4 ct pkg"},
{"thumb": "http://i4.peapod.com/c/KK/KKNHZ.gif", "price": "259", "unit_price": "$.65/ ea", "name": "The Bake Shop Rolls Poppy", "cnid": "156", "productId": "123679", "size": "4 ct pkg"},
{"thumb": "http://i4.peapod.com/c/KK/KKNHZ.gif", "price": "259", "unit_price": "$.65/ ea", "name": "The Bake Shop Rolls Sesame", "cnid": "156", "productId": "123678", "size": "4 ct pkg"},
{"thumb": "http://i4.peapod.com/c/KK/KKNHZ.gif", "price": "319", "unit_price": "$.22/ oz", "name": "The Bake Shop Sandwich Rolls Classic - 4 ct", "cnid": "156", "productId": "186887", "size": "14.4 oz pkg"},
{"thumb": "http://i4.peapod.com/c/KK/KKNHZ.gif", "price": "329", "unit_price": "$.27/ oz", "name": "The Bake Shop Sandwich Rolls Soft - 6 ct", "cnid": "156", "productId": "158410", "size": "12 oz pkg"},
{"thumb": "http://i4.peapod.com/c/KK/KKNHZ.gif", "price": "249", "unit_price": "$.16/ oz", "name": "The Bake Shop Sub Rolls Mini - 6 ct", "cnid": "156", "productId": "186888", "size": "16 oz pkg"},
{"thumb": "http://i4.peapod.com/c/KK/KKNHZ.gif", "price": "349", "unit_price": "$.35/ oz", "name": "Cedar's Wraps Spinach - 4 ct", "cnid": "150", "productId": "154813", "size": "10 oz pkg"},
{"thumb": "http://i4.peapod.com/c/KK/KKNHZ.gif", "price": "349", "unit_price": "$.35/ oz", "name": "Cedar's Wraps Sun Dried Tomato & Basil - 4 ct", "cnid": "150", "productId": "154812", "size": "10 oz pkg"},
{"thumb": "http://i4.peapod.com/c/KK/KKNHZ.gif", "price": "349", "unit_price": "$.39/ oz", "name": "Cedar's Wraps Whole Wheat Low Carb - 6 ct", "cnid": "150", "productId": "154810", "size": "9 oz pkg"},
{"thumb": "http://i4.peapod.com/c/KK/KKNHZ.gif", "price": "329", "unit_price": "$.33/ oz", "name": "Cedar's Wraps Whole Wheat Old World Mountain - 4 ct", "cnid": "150", "productId": "154811", "size": "10 oz pkg"},
{"thumb": "http://i4.peapod.com/c/KK/KKNHZ.gif", "price": "239", "unit_price": "$.14/ oz", "name": "Chi-Chi's Tortillas Flour Burrito Size - 8 ct Refrigerated", "cnid": "150", "productId": "116309", "size": "17 oz pkg"},
{"thumb": "http://i4.peapod.com/c/KK/KKNHZ.gif", "price": "239", "unit_price": "$.15/ oz", "name": "Chi-Chi's Tortillas Flour Fajita Style - 8 ct Refrigerated", "cnid": "150", "productId": "95844", "size": "16 oz pkg"},
{"thumb": "http://i4.peapod.com/c/KK/KKNHZ.gif", "price": "239", "unit_price": "$.15/ oz", "name": "Chi-Chi's Tortillas Whole Wheat Fajita Size - 8 ct", "cnid": "150", "productId": "150432", "size": "16 oz pkg"},
{"thumb": "http://i4.peapod.com/c/KK/KKNHZ.gif", "price": "349", "unit_price": "$.28/ oz", "name": "Fiber One Wraps Honey Wheat - 8 ct", "cnid": "150", "productId": "191673", "size": "12.2 oz pkg"},
{"thumb": "http://i4.peapod.com/c/KK/KKNHZ.gif", "price": "349", "unit_price": "$.28/ oz", "name": "Fiber One Wraps Traditional White - 8 ct", "cnid": "150", "productId": "191674", "size": "12.2 oz pkg"},
{"thumb": "http://i4.peapod.com/c/KK/KKNHZ.gif", "price": "399", "unit_price": "$.47/ oz", "name": "Flatout Artisan Fold It Flatbread 5 Grain Flax - 5 ct", "cnid": "150", "productId": "156452", "size": "8.5 oz pkg"},
{"thumb": "http://i4.peapod.com/c/KK/KKNHZ.gif", "price": "399", "unit_price": "$.44/ oz", "name": "Flatout Artisan Fold It Flatbread Rosemary & Olive Oil - 5 ct", "cnid": "150", "productId": "156453", "size": "9 oz pkg"},
{"thumb": "http://i4.peapod.com/c/KK/KKNHZ.gif", "price": "399", "unit_price": "$.36/ oz", "name": "Flatout Flatbread Italian Herb Light - 6 ct", "cnid": "150", "productId": "159204", "size": "11.2 oz pkg"},
{"thumb": "http://i4.peapod.com/c/KK/KKNHZ.gif", "price": "399", "unit_price": "$.28/ oz", "name": "Flatout Flatbread Original - 5 ct", "cnid": "150", "productId": "133164", "size": "14 oz pkg"},
{"thumb": "http://i4.peapod.com/c/KK/KKNHZ.gif", "price": "399", "unit_price": "$.36/ oz", "name": "Flatout Healthy Grain Flatbread Honey Wheat - 6 ct", "cnid": "150", "productId": "159203", "size": "11.2 oz pkg"},
{"thumb": "http://i4.peapod.com/c/KK/KKNHZ.gif", "price": "399", "unit_price": "$.36/ oz", "name": "Flatout Wraps Multigrain with Flax - 6 ct", "cnid": "150", "productId": "141971", "size": "11.2 oz pkg"},
{"thumb": "http://i4.peapod.com/c/KK/KKNHZ.gif", "price": "349", "unit_price": "$.29/ oz", "name": "Food for Life Brown Rice Tortillas - 6 ct", "cnid": "150", "productId": "155936", "size": "12 oz pkg"},
{"thumb": "http://i4.peapod.com/c/KK/KKNHZ.gif", "price": "359", "unit_price": "$.40/ oz", "name": "Joseph's Lavash Square Bread Flax, Oat Bran & Whole Wheat Reduced Carb-4ct", "cnid": "150", "productId": "140802", "size": "9 oz pkg"},
{"thumb": "http://i4.peapod.com/c/KK/KKNHZ.gif", "price": "279", "unit_price": "$.25/ oz", "name": "Joseph's Pita Bread - 8 ct", "cnid": "150", "productId": "37705", "size": "11 oz pkg"},
{"thumb": "http://i4.peapod.com/c/KK/KKNHZ.gif", "price": "359", "unit_price": "$.45/ oz", "name": "Joseph's Pita Bread Flax, Oat Bran & Whole Wheat Flour - 6 ct", "cnid": "150", "productId": "144425", "size": "8 oz pkg"},
{"thumb": "http://i4.peapod.com/c/KK/KKNHZ.gif", "price": "279", "unit_price": "$.23/ oz", "name": "Joseph's Pita Bread Wheat - 4 ct", "cnid": "150", "productId": "130598", "size": "12 oz pkg"},
{"thumb": "http://i4.peapod.com/c/KK/KKNHZ.gif", "price": "279", "unit_price": "$.35/ oz", "name": "Joseph's Pita Bread Whole Wheat Mini - 8 ct", "cnid": "150", "productId": "37709", "size": "8 oz pkg"},
{"thumb": "http://i4.peapod.com/c/KK/KKNHZ.gif", "price": "279", "unit_price": "$.35/ oz", "name": "Joseph's Pita Bread Whole White Mini - 8 ct", "cnid": "150", "productId": "140800", "size": "9 oz pkg"},
{"thumb": "http://i4.peapod.com/c/KK/KKNHZ.gif", "price": "359", "unit_price": "$.40/ oz", "name": "Joseph's Tortillas Whole Wheat Flax & Oat Bran Low Carb - 6 ct", "cnid": "150", "productId": "144424", "size": "9 oz pkg"},
{"thumb": "http://i4.peapod.com/c/KK/KKNHZ.gif", "price": "300", "unit_price": "$.24/ oz", "name": "La Banderita Tortillas Whole Wheat Soft Taco 8 Inch - 8 ct", "cnid": "150", "productId": "153514", "size": "12.7 oz pkg"},
{"thumb": "http://i4.peapod.com/c/KK/KKNHZ.gif", "price": "300", "unit_price": "$.12/ oz", "name": "La Banderi Tortillas Burrito Flour Extra Large - 10 ct", "cnid": "150", "productId": "153511", "size": "25 oz pkg"},
{"thumb": "http://i4.peapod.com/c/KK/KKNHZ.gif", "price": "289", "unit_price": "$.26/ oz", "name": "La Banderi Tortillas Fajita Flour 6 Inch - 10 ct", "cnid": "150", "productId": "153510", "size": "11.2 oz pkg"},
{"thumb": "http://i4.peapod.com/c/KK/KKNHZ.gif", "price": "259", "unit_price": "$.12/ oz", "name": "Nature's Promise Naturals Tortillas Flour White - 8 ct Refrigerated", "cnid": "150", "productId": "148415", "size": "20.8 oz pkg"},
{"thumb": "http://i4.peapod.com/c/KK/KKNHZ.gif", "price": "259", "unit_price": "$.16/ oz", "name": "Nature's Promise Naturals Tortillas Whole Wheat - 10 ct Refrigerated", "cnid": "150", "productId": "147744", "size": "16 oz pkg"},
{"thumb": "http://i4.peapod.com/c/KK/KKNHZ.gif", "price": "200", "unit_price": "$.43/ oz", "name": "Old El Paso Stand 'N Stuff Taco Shells - 10 ct", "cnid": "150", "productId": "135495", "size": "4.7 oz box"},
{"thumb": "http://i4.peapod.com/c/KK/KKNHZ.gif", "price": "200", "unit_price": "$.44/ oz", "name": "Old El Paso Taco Shells - 12 ct", "cnid": "150", "productId": "6485", "size": "4.6 oz box"},
{"thumb": "http://i4.peapod.com/c/KK/KKNHZ.gif", "price": "299", "unit_price": "$.43/ oz", "name": "Old El Paso Taco Shells - 18 ct", "cnid": "150", "productId": "76164", "size": "6.89 oz box"},
{"thumb": "http://i4.peapod.com/c/KK/KKNHZ.gif", "price": "200", "unit_price": "$.27/ oz", "name": "Old El Paso Taco Shells 6 Hard Corn Shells & 6 Soft Flour Tortillas", "cnid": "150", "productId": "157578", "size": "7.4 oz box"},
{"thumb": "http://i4.peapod.com/c/KK/KKNHZ.gif", "price": "469", "unit_price": "$.39/ oz", "name": "Ole Mexican Foods Xtreme Wellness Tortilla Wraps Spinach & Herbs - 8 ct", "cnid": "150", "productId": "167570", "size": "12 oz pkg"},
{"thumb": "http://i4.peapod.com/c/KK/KKNHZ.gif", "price": "219", "unit_price": "$.38/ oz", "name": "Ortega Taco Shells Yellow Corn - 12 ct", "cnid": "150", "productId": "7740", "size": "5.8 oz box"},
{"thumb": "http://i4.peapod.com/c/KK/KKNHZ.gif", "price": "299", "unit_price": "$.25/ oz", "name": "Sahara Pita Bread Wheat - 6 ct", "cnid": "150", "productId": "6774", "size": "12 oz pkg"},
{"thumb": "http://i4.peapod.com/c/KK/KKNHZ.gif", "price": "299", "unit_price": "$.37/ oz", "name": "Sahara Pita Bread Wheat Mini - 8 ct", "cnid": "150", "productId": "6772", "size": "8 oz pkg"},
{"thumb": "http://i4.peapod.com/c/KK/KKNHZ.gif", "price": "299", "unit_price": "$.25/ oz", "name": "Sahara Pita Bread White - 6 ct", "cnid": "150", "productId": "6775", "size": "12 oz pkg"},
{"thumb": "http://i4.peapod.com/c/KK/KKNHZ.gif", "price": "125", "unit_price": "$.10/ oz", "name": "Stop & Shop Tortillas White Corn Soft 6 Inch - 16 ct", "cnid": "150", "productId": "185503", "size": "12 oz pkg"},
{"thumb": "http://i4.peapod.com/c/KK/KKNHZ.gif", "price": "349", "unit_price": "$.22/ oz", "name": "Alvarado St. Bakery Bread Essential Flax Seed Organic", "cnid": "140", "productId": "160213", "size": "16 oz pkg"},
{"thumb": "http://i4.peapod.com/c/KK/KKNHZ.gif", "price": "419", "unit_price": "$.21/ oz", "name": "Arnold Brick Oven Bread Premium White Big Sliced", "cnid": "140", "productId": "126738", "size": "20 oz pkg"},
{"thumb": "http://i4.peapod.com/c/KK/KKNHZ.gif", "price": "459", "unit_price": "$.14/ oz", "name": "Arnold Brick Oven Bread White Premium", "cnid": "140", "productId": "36261", "size": "32 oz pkg"},
{"thumb": "http://i4.peapod.com/c/KK/KKNHZ.gif", "price": "235", "unit_price": "$.10/ oz", "name": "Arnold Country Classics Bread Country White", "cnid": "140", "productId": "36257", "size": "24 oz pkg"},
{"thumb": "http://i4.peapod.com/c/KK/KKNHZ.gif", "price": "235", "unit_price": "$.10/ oz", "name": "Arnold Country Classics Bread Oat Bran", "cnid": "140", "productId": "137864", "size": "24 oz pkg"},
{"thumb": "http://i4.peapod.com/c/KK/KKNHZ.gif", "price": "235", "unit_price": "$.10/ oz", "name": "Arnold Country Classics Bread Oat Nut", "cnid": "140", "productId": "76129", "size": "24 oz pkg"},
{"thumb": "http://i4.peapod.com/c/KK/KKNHZ.gif", "price": "235", "unit_price": "$.10/ oz", "name": "Arnold Grains & More Bread Double Protein Hearty Multigrain", "cnid": "140", "productId": "149075", "size": "24 oz pkg"},
{"thumb": "http://i4.peapod.com/c/KK/KKNHZ.gif", "price": "379", "unit_price": "$.24/ oz", "name": "Arnold Real Jewish Bread Rye Seedless", "cnid": "140", "productId": "36237", "size": "16 oz pkg"},
{"thumb": "http://i4.peapod.com/c/KK/KKNHZ.gif", "price": "379", "unit_price": "$.24/ oz", "name": "Arnold Real Jewish Bread Rye with Seeds", "cnid": "140", "productId": "36238", "size": "16 oz pkg"},
{"thumb": "http://i4.peapod.com/c/KK/KKNHZ.gif", "price": "359", "unit_price": "$.22/ oz", "name": "Arnold Stoneground Bread 100% Whole Wheat", "cnid": "140", "productId": "36259", "size": "16 oz pkg"},
{"thumb": "http://i4.peapod.com/c/KK/KKNHZ.gif", "price": "235", "unit_price": "$.10/ oz", "name": "Arnold Whole Grain Bread 7 Grain", "cnid": "140", "productId": "126736", "size": "24 oz pkg"},
{"thumb": "http://i4.peapod.com/c/KK/KKNHZ.gif", "price": "235", "unit_price": "$.10/ oz", "name": "Arnold Whole Grains Bread 100% Whole Wheat", "cnid": "140", "productId": "97354", "size": "24 oz pkg"},
{"thumb": "http://i4.peapod.com/c/KK/KKNHZ.gif", "price": "235", "unit_price": "$.10/ oz", "name": "Arnold Whole Grains Bread 12 Grain", "cnid": "140", "productId": "126160", "size": "24 oz pkg"},
{"thumb": "http://i4.peapod.com/c/KK/KKNHZ.gif", "price": "235", "unit_price": "$.10/ oz", "name": "Arnold Whole Grains Bread Double Fiber", "cnid": "140", "productId": "140223", "size": "24 oz pkg"},
{"thumb": "http://i4.peapod.com/c/KK/KKNHZ.gif", "price": "235", "unit_price": "$.10/ oz", "name": "Arnold Whole Grains Bread Health Nut", "cnid": "140", "productId": "76128", "size": "24 oz pkg"},
{"thumb": "http://i4.peapod.com/c/KK/KKNHZ.gif", "price": "235", "unit_price": "$.10/ oz", "name": "Arnold Whole Grains Bread Healthy Multigrain", "cnid": "140", "productId": "131368", "size": "24 oz pkg"},
{"thumb": "http://i4.peapod.com/c/KK/KKNHZ.gif", "price": "499", "unit_price": "$.21/ oz", "name": "Barowsky's Bread Oat Nut Whole Grain Organic", "cnid": "140", "productId": "187071", "size": "24 oz pkg"},
{"thumb": "http://i4.peapod.com/c/KK/KKNHZ.gif", "price": "499", "unit_price": "$.21/ oz", "name": "Barowsky's Bread Whole Grain 100% Whole Wheat Organic", "cnid": "140", "productId": "151213", "size": "24 oz pkg"},
{"thumb": "http://i4.peapod.com/c/KK/KKNHZ.gif", "price": "499", "unit_price": "$.21/ oz", "name": "Barowsky's Whole Grain Bread 12 Grain Organic", "cnid": "140", "productId": "151212", "size": "24 oz pkg"},
{"thumb": "http://i4.peapod.com/c/KK/KKNHZ.gif", "price": "259", "unit_price": "$.22/ oz", "name": "Boghosian Valley Bread Lavash Round", "cnid": "140", "productId": "184317", "size": "12 oz pkg"},
{"thumb": "http://i4.peapod.com/c/KK/KKNHZ.gif", "price": "329", "unit_price": "$.17/ oz", "name": "Calise & Sons Bakery Bread Scala Sliced", "cnid": "140", "productId": "159059", "size": "20 oz pkg"},
{"thumb": "http://i4.peapod.com/c/KK/KKNHZ.gif", "price": "439", "unit_price": "$.20/ oz", "name": "Country Kitchen Bread 100% Whole Wheat Whole Grain All Natural", "cnid": "140", "productId": "151219", "size": "22 oz pkg"},
{"thumb": "http://i4.peapod.com/c/KK/KKNHZ.gif", "price": "250", "unit_price": "$.11/ oz", "name": "Country Kitchen Bread Canadian Wheat", "cnid": "140", "productId": "187068", "size": "22 oz pkg"},
{"thumb": "http://i4.peapod.com/c/KK/KKNHZ.gif", "price": "429", "unit_price": "$.27/ oz", "name": "Country Kitchen Bread Cinnamon Raisin Swirl", "cnid": "140", "productId": "187070", "size": "16 oz pkg"},
{"thumb": "http://i4.peapod.com/c/KK/KKNHZ.gif", "price": "429", "unit_price": "$.27/ oz", "name": "Country Kitchen Bread Cinnamon Swirl", "cnid": "140", "productId": "187069", "size": "16 oz pkg"},
{"thumb": "http://i4.peapod.com/c/KK/KKNHZ.gif", "price": "439", "unit_price": "$.27/ oz", "name": "Country Kitchen Bread Italian Light", "cnid": "140", "productId": "36271", "size": "16 oz pkg"},
{"thumb": "http://i4.peapod.com/c/KK/KKNHZ.gif", "price": "439", "unit_price": "$.27/ oz", "name": "Country Kitchen Bread Oatmeal Light", "cnid": "140", "productId": "151218", "size": "16 oz pkg"},
{"thumb": "http://i4.peapod.com/c/KK/KKNHZ.gif", "price": "439", "unit_price": "$.27/ oz", "name": "Country Kitchen Bread Raisin Light", "cnid": "140", "productId": "56616", "size": "16 oz pkg"},
{"thumb": "http://i4.peapod.com/c/KK/KKNHZ.gif", "price": "439", "unit_price": "$.18/ oz", "name": "Country Kitchen Bread Soft Oatmeal Whole Grain All Natural", "cnid": "140", "productId": "184421", "size": "24 oz pkg"},
{"thumb": "http://i4.peapod.com/c/KK/KKNHZ.gif", "price": "250", "unit_price": "$.12/ oz", "name": "Country Kitchen Bread Wheat Buttersplit", "cnid": "140", "productId": "151215", "size": "20 oz pkg"},
{"thumb": "http://i4.peapod.com/c/KK/KKNHZ.gif", "price": "439", "unit_price": "$.27/ oz", "name": "Country Kitchen Bread Wheat Light", "cnid": "140", "productId": "36273", "size": "16 oz pkg"},
{"thumb": "http://i4.peapod.com/c/KK/KKNHZ.gif", "price": "379", "unit_price": "$.17/ oz", "name": "Country Kitchen Bread White Giant", "cnid": "140", "productId": "36279", "size": "22 oz pkg"},
{"thumb": "http://i4.peapod.com/c/KK/KKNHZ.gif", "price": "250", "unit_price": "$.11/ oz", "name": "Country Kitchen Bread White Hearty Canadian", "cnid": "140", "productId": "56605", "size": "22 oz pkg"},
{"thumb": "http://i4.peapod.com/c/KK/KKNHZ.gif", "price": "439", "unit_price": "$.22/ oz", "name": "Country Kitchen Bread White Whole Grain All Natural", "cnid": "140", "productId": "159058", "size": "20 oz pkg"},
{"thumb": "http://i4.peapod.com/c/KK/KKNHZ.gif", "price": "439", "unit_price": "$.18/ oz", "name": "Country Kitchen Whole Grain Bread 12 Grain All Natural", "cnid": "140", "productId": "151217", "size": "24 oz pkg"},
{"thumb": "http://i4.peapod.com/c/KK/KKNHZ.gif", "price": "299", "unit_price": "$.19/ oz", "name": "Fantini Bread Vienna Sliced", "cnid": "140", "productId": "182251", "size": "16 oz pkg"},
{"thumb": "http://i4.peapod.com/c/KK/KKNHZ.gif", "price": "299", "unit_price": "$.19/ oz", "name": "Fantini Scali Bread Italian with Sesame", "cnid": "140", "productId": "181718", "size": "16 oz bag"},
{"thumb": "http://i4.peapod.com/c/KK/KKNHZ.gif", "price": "429", "unit_price": "$.18/ oz", "name": "Fiber One Bread 100% Whole Wheat", "cnid": "140", "productId": "149416", "size": "24 oz pkg"},
{"thumb": "http://i4.peapod.com/c/KK/KKNHZ.gif", "price": "429", "unit_price": "$.23/ oz", "name": "Fiber One Bread Cinnamon Raisin", "cnid": "140", "productId": "149418", "size": "19 oz pkg"},
{"thumb": "http://i4.peapod.com/c/KK/KKNHZ.gif", "price": "429", "unit_price": "$.18/ oz", "name": "Fiber One Bread Country White", "cnid": "140", "productId": "153483", "size": "24 oz pkg"},
{"thumb": "http://i4.peapod.com/c/KK/KKNHZ.gif", "price": "299", "unit_price": "$.19/ oz", "name": "Fiber One Bread Honey Whole Wheat", "cnid": "140", "productId": "161650", "size": "16 oz pkg"},
{"thumb": "http://i4.peapod.com/c/KK/KKNHZ.gif", "price": "429", "unit_price": "$.18/ oz", "name": "Fiber One Bread Multigrain", "cnid": "140", "productId": "149417", "size": "24 oz pkg"},
{"thumb": "http://i4.peapod.com/c/KK/KKNHZ.gif", "price": "299", "unit_price": "$.19/ oz", "name": "Fiber One Bread Multigrain", "cnid": "140", "productId": "161649", "size": "16 oz pkg"},
{"thumb": "http://i4.peapod.com/c/KK/KKNHZ.gif", "price": "429", "unit_price": "$.18/ oz", "name": "Fiber One Bread Soft Oatmeal", "cnid": "140", "productId": "153482", "size": "24 oz pkg"},
{"thumb": "http://i4.peapod.com/c/KK/KKNHZ.gif", "price": "599", "unit_price": "$.25/ oz", "name": "Food For Life Ezekiel 4:9 Bread Cinnamon Raisin Whole Grain Flourless", "cnid": "140", "productId": "149094", "size": "24 oz pkg"},
{"thumb": "http://i4.peapod.com/c/KK/KKNHZ.gif", "price": "499", "unit_price": "$.21/ oz", "name": "Food For Life Ezekiel 4:9 Sprouted Grain Bread Flourless Organic Frozen", "cnid": "140", "productId": "160772", "size": "24 oz pkg"},
{"thumb": "http://i4.peapod.com/c/KK/KKNHZ.gif", "price": "529", "unit_price": "$.22/ oz", "name": "Food For Life Ezekiel 4:9 Sprouted Grain Bread Sesame Flourless Organic", "cnid": "140", "productId": "141590", "size": "24 oz pkg"},
{"thumb": "http://i4.peapod.com/c/KK/KKNHZ.gif", "price": "419", "unit_price": "$.17/ oz", "name": "Freihofer's Bread 100% Whole Wheat", "cnid": "140", "productId": "97373", "size": "24 oz pkg"},
{"thumb": "http://i4.peapod.com/c/KK/KKNHZ.gif", "price": "419", "unit_price": "$.17/ oz", "name": "Freihofer's Bread Country Potato", "cnid": "140", "productId": "97362", "size": "24 oz pkg"},
{"thumb": "http://i4.peapod.com/c/KK/KKNHZ.gif", "price": "419", "unit_price": "$.17/ oz", "name": "Freihofer's Bread Country White", "cnid": "140", "productId": "97365", "size": "24 oz pkg"},
{"thumb": "http://i4.peapod.com/c/KK/KKNHZ.gif", "price": "419", "unit_price": "$.17/ oz", "name": "Freihofer's Country Double Fiber Bread 100% Whole Wheat", "cnid": "140", "productId": "159044", "size": "24 oz pkg"},
{"thumb": "http://i4.peapod.com/c/KK/KKNHZ.gif", "price": "299", "unit_price": "$.15/ oz", "name": "Freihofer's D'Italiano Bread Italian", "cnid": "140", "productId": "131369", "size": "20 oz pkg"},
{"thumb": "http://i4.peapod.com/c/KK/KKNHZ.gif", "price": "319", "unit_price": "$.20/ oz", "name": "Kasanof's Bread Rye Black Russian", "cnid": "140", "productId": "36263", "size": "16 oz pkg"},
{"thumb": "http://i4.peapod.com/c/KK/KKNHZ.gif", "price": "319", "unit_price": "$.20/ oz", "name": "Kasanof's Bread Rye Pumpernickel", "cnid": "140", "productId": "36266", "size": "16 oz pkg"},
{"thumb": "http://i4.peapod.com/c/KK/KKNHZ.gif", "price": "299", "unit_price": "$.17/ oz", "name": "Martin's Bread Potato", "cnid": "140", "productId": "36225", "size": "18 oz pkg"},
{"thumb": "http://i4.peapod.com/c/KK/KKNHZ.gif", "price": "349", "unit_price": "$.17/ oz", "name": "Martin's Bread Potato 100% Whole Wheat", "cnid": "140", "productId": "135020", "size": "20 oz pkg"},
{"thumb": "http://i4.peapod.com/c/KK/KKNHZ.gif", "price": "399", "unit_price": "$.17/ oz", "name": "Matthew's All Natural Bread 100% Whole Wheat", "cnid": "140", "productId": "37745", "size": "24 oz pkg"},
{"thumb": "http://i4.peapod.com/c/KK/KKNHZ.gif", "price": "399", "unit_price": "$.17/ oz", "name": "Matthew's Bread Golden White", "cnid": "140", "productId": "37744", "size": "24 oz pkg"},
{"thumb": "http://i4.peapod.com/c/KK/KKNHZ.gif", "price": "399", "unit_price": "$.20/ oz", "name": "Nature's Own Bread 100% Whole Grain", "cnid": "140", "productId": "191999", "size": "20 oz pkg"},
{"thumb": "http://i4.peapod.com/c/KK/KKNHZ.gif", "price": "399", "unit_price": "$.25/ oz", "name": "Nature's Own Bread 100% Whole Grain Wheat Sugar Free", "cnid": "140", "productId": "155955", "size": "16 oz pkg"},
{"thumb": "http://i4.peapod.com/c/KK/KKNHZ.gif", "price": "350", "unit_price": "$.17/ oz", "name": "Nature's Own Bread 100% Whole Wheat", "cnid": "140", "productId": "154239", "size": "20 oz pkg"},
{"thumb": "http://i4.peapod.com/c/KK/KKNHZ.gif", "price": "399", "unit_price": "$.20/ oz", "name": "Nature's Own Bread Butterbread", "cnid": "140", "productId": "154242", "size": "20 oz pkg"},
{"thumb": "http://i4.peapod.com/c/KK/KKNHZ.gif", "price": "399", "unit_price": "$.20/ oz", "name": "Nature's Own Bread Honey 7 Grain", "cnid": "140", "productId": "192000", "size": "20 oz pkg"},
{"thumb": "http://i4.peapod.com/c/KK/KKNHZ.gif", "price": "399", "unit_price": "$.20/ oz", "name": "Nature's Own Bread Honey Wheat", "cnid": "140", "productId": "154240", "size": "20 oz pkg"},
{"thumb": "http://i4.peapod.com/c/KK/KKNHZ.gif", "price": "350", "unit_price": "$.17/ oz", "name": "Nature's Own Bread Whitewheat Healthy White", "cnid": "140", "productId": "154241", "size": "20 oz pkg"},
{"thumb": "http://i4.peapod.com/c/KK/KKNHZ.gif", "price": "339", "unit_price": "$.14/ oz", "name": "Nature's Promise Naturals Bread Multigrain", "cnid": "140", "productId": "139410", "size": "24 oz pkg"},
{"thumb": "http://i4.peapod.com/c/KK/KKNHZ.gif", "price": "339", "unit_price": "$.14/ oz", "name": "Nature's Promise Naturals Bread Natural White", "cnid": "140", "productId": "153477", "size": "24 oz pkg"},
{"thumb": "http://i4.peapod.com/c/KK/KKNHZ.gif", "price": "339", "unit_price": "$.14/ oz", "name": "Nature's Promise Naturals Bread Whole Wheat", "cnid": "140", "productId": "137644", "size": "24 oz pkg"},
{"thumb": "http://i4.peapod.com/c/KK/KKNHZ.gif", "price": "359", "unit_price": "$.22/ oz", "name": "Pepperidge Farm Bread 100% Whole Wheat", "cnid": "140", "productId": "751", "size": "16 oz pkg"},
{"thumb": "http://i4.peapod.com/c/KK/KKNHZ.gif", "price": "399", "unit_price": "$.25/ oz", "name": "Pepperidge Farm Bread 7 Grain Light Style", "cnid": "140", "productId": "76138", "size": "16 oz pkg"},
{"thumb": "http://i4.peapod.com/c/KK/KKNHZ.gif", "price": "199", "unit_price": "$.10/ oz", "name": "Pepperidge Farm Bread Italian with Sesame Seeds Sliced", "cnid": "140", "productId": "83373", "size": "20 oz pkg"},
{"thumb": "http://i4.peapod.com/c/KK/KKNHZ.gif", "price": "379", "unit_price": "$.24/ oz", "name": "Pepperidge Farm Bread Jewish Rye Seeded", "cnid": "140", "productId": "15505", "size": "16 oz pkg"},
{"thumb": "http://i4.peapod.com/c/KK/KKNHZ.gif", "price": "379", "unit_price": "$.24/ oz", "name": "Pepperidge Farm Bread Jewish Rye Seedless", "cnid": "140", "productId": "15506", "size": "16 oz pkg"},
{"thumb": "http://i4.peapod.com/c/KK/KKNHZ.gif", "price": "359", "unit_price": "$.22/ oz", "name": "Pepperidge Farm Bread Oatmeal", "cnid": "140", "productId": "754", "size": "16 oz pkg"},
{"thumb": "http://i4.peapod.com/c/KK/KKNHZ.gif", "price": "399", "unit_price": "$.25/ oz", "name": "Pepperidge Farm Bread Oatmeal Light Style", "cnid": "140", "productId": "767", "size": "16 oz pkg"},
{"thumb": "http://i4.peapod.com/c/KK/KKNHZ.gif", "price": "379", "unit_price": "$.24/ oz", "name": "Pepperidge Farm Bread Pumpernickel", "cnid": "140", "productId": "761", "size": "16 oz pkg"},
{"thumb": "http://i4.peapod.com/c/KK/KKNHZ.gif", "price": "379", "unit_price": "$.24/ oz", "name": "Pepperidge Farm Bread Very Thin White Sliced", "cnid": "140", "productId": "753", "size": "16 oz pkg"},
{"thumb": "http://i4.peapod.com/c/KK/KKNHZ.gif", "price": "399", "unit_price": "$.25/ oz", "name": "Pepperidge Farm Bread Wheat Light Style", "cnid": "140", "productId": "769", "size": "16 oz pkg"},
{"thumb": "http://i4.peapod.com/c/KK/KKNHZ.gif", "price": "399", "unit_price": "$.12/ oz", "name": "Pepperidge Farm Bread White Family Size", "cnid": "140", "productId": "758", "size": "32 oz pkg"},
{"thumb": "http://i4.peapod.com/c/KK/KKNHZ.gif", "price": "359", "unit_price": "$.22/ oz", "name": "Pepperidge Farm Bread White Original Made with Lower Sodium Sea Salt", "cnid": "140", "productId": "20522", "size": "16 oz pkg"},
{"thumb": "http://i4.peapod.com/c/KK/KKNHZ.gif", "price": "359", "unit_price": "$.22/ oz", "name": "Pepperidge Farm Bread White Sandwich Contains Calcium Sliced", "cnid": "140", "productId": "757", "size": "16 oz pkg"},
{"thumb": "http://i4.peapod.com/c/KK/KKNHZ.gif", "price": "399", "unit_price": "$.17/ oz", "name": "Pepperidge Farm Bread Whole Grain 15 Grain Hearty Texture", "cnid": "140", "productId": "138750", "size": "24 oz pkg"},
{"thumb": "http://i4.peapod.com/c/KK/KKNHZ.gif", "price": "379", "unit_price": "$.24/ oz", "name": "Pepperidge Farm Deli Swirl Bread Rye & Pumpernickel", "cnid": "140", "productId": "76137", "size": "16 oz pkg"},
{"thumb": "http://i4.peapod.com/c/KK/KKNHZ.gif", "price": "399", "unit_price": "$.17/ oz", "name": "Pepperidge Farm Farmhouse Bread Hearty White", "cnid": "140", "productId": "51568", "size": "24 oz pkg"},
{"thumb": "http://i4.peapod.com/c/KK/KKNHZ.gif", "price": "399", "unit_price": "$.17/ oz", "name": "Pepperidge Farm Farmhouse Bread Oatmeal", "cnid": "140", "productId": "744", "size": "24 oz pkg"},
{"thumb": "http://i4.peapod.com/c/KK/KKNHZ.gif", "price": "399", "unit_price": "$.17/ oz", "name": "Pepperidge Farm Farmhouse Bread Sourdough", "cnid": "140", "productId": "127769", "size": "24 oz pkg"},
{"thumb": "http://i4.peapod.com/c/KK/KKNHZ.gif", "price": "399", "unit_price": "$.17/ oz", "name": "Pepperidge Farm Farmhouse Soft Bread 100% Whole Wheat", "cnid": "140", "productId": "134296", "size": "24 oz pkg"},
{"thumb": "http://i4.peapod.com/c/KK/KKNHZ.gif", "price": "399", "unit_price": "$.25/ oz", "name": "Pepperidge Farm French Toast Swirl Bread Brown Sugar", "cnid": "140", "productId": "129381", "size": "16 oz pkg"},
{"thumb": "http://i4.peapod.com/c/KK/KKNHZ.gif", "price": "279", "unit_price": "$.23/ oz", "name": "Pepperidge Farm Goldfish Sandwich Bread Soft 100% Whole Wheat - 8 ct", "cnid": "140", "productId": "164722", "size": "12 oz pkg"},
{"thumb": "http://i4.peapod.com/c/KK/KKNHZ.gif", "price": "399", "unit_price": "$.25/ oz", "name": "Pepperidge Farm Swirl Bread Cinnamon", "cnid": "140", "productId": "747", "size": "16 oz pkg"},
{"thumb": "http://i4.peapod.com/c/KK/KKNHZ.gif", "price": "399", "unit_price": "$.25/ oz", "name": "Pepperidge Farm Swirl Bread Cinnamon Raisin Whole Wheat", "cnid": "140", "productId": "139047", "size": "16 oz pkg"},
{"thumb": "http://i4.peapod.com/c/KK/KKNHZ.gif", "price": "399", "unit_price": "$.25/ oz", "name": "Pepperidge Farm Swirl Bread Raisin Cinnamon", "cnid": "140", "productId": "756", "size": "16 oz pkg"},
{"thumb": "http://i4.peapod.com/c/KK/KKNHZ.gif", "price": "399", "unit_price": "$.17/ oz", "name": "Pepperidge Farm Whole Grain Bread 100% Whole Wheat Hearty Texture", "cnid": "140", "productId": "138751", "size": "24 oz pkg"},
{"thumb": "http://i4.peapod.com/c/KK/KKNHZ.gif", "price": "399", "unit_price": "$.17/ oz", "name": "Pepperidge Farm Whole Grain Bread Honey Oat Soft Texture", "cnid": "140", "productId": "138749", "size": "24 oz pkg"},
{"thumb": "http://i4.peapod.com/c/KK/KKNHZ.gif", "price": "399", "unit_price": "$.17/ oz", "name": "Pepperidge Farm Whole Grain Bread Oatmeal Hearty Texture", "cnid": "140", "productId": "143911", "size": "24 oz pkg"},
{"thumb": "http://i4.peapod.com/c/KK/KKNHZ.gif", "price": "399", "unit_price": "$.17/ oz", "name": "Pepperidge Farm Whole Grain Bread White Hearty Texture", "cnid": "140", "productId": "143909", "size": "24 oz pkg"},
{"thumb": "http://i4.peapod.com/c/KK/KKNHZ.gif", "price": "399", "unit_price": "$.17/ oz", "name": "Pepperidge Farm Whole Grain Bread Whole Wheat Soft Honey Smooth Texture", "cnid": "140", "productId": "138752", "size": "24 oz pkg"},
{"thumb": "http://i4.peapod.com/c/KK/KKNHZ.gif", "price": "250", "unit_price": "$.12/ oz", "name": "Sara Lee 45 Calories & Delightful Bread 100% Multi-Grain", "cnid": "140", "productId": "186262", "size": "20 oz pkg"},
{"thumb": "http://i4.peapod.com/c/KK/KKNHZ.gif", "price": "250", "unit_price": "$.12/ oz", "name": "Sara Lee 45 Calories & Delightful Bread 100% Whole Wheat with Honey", "cnid": "140", "productId": "186263", "size": "20 oz pkg"},
{"thumb": "http://i4.peapod.com/c/KK/KKNHZ.gif", "price": "250", "unit_price": "$.12/ oz", "name": "Sara Lee Bread 100% Whole Wheat", "cnid": "140", "productId": "129599", "size": "20 oz pkg"},
{"thumb": "http://i4.peapod.com/c/KK/KKNHZ.gif", "price": "250", "unit_price": "$.12/ oz", "name": "Sara Lee Classic Bread Honey Wheat", "cnid": "140", "productId": "129602", "size": "20 oz pkg"},
{"thumb": "http://i4.peapod.com/c/KK/KKNHZ.gif", "price": "149", "unit_price": "$.08/ oz", "name": "Stop & Shop Big Daisy Bread White", "cnid": "140", "productId": "56239", "size": "20 oz pkg"},
{"thumb": "http://i4.peapod.com/c/KK/KKNHZ.gif", "price": "269", "unit_price": "$.07/ oz", "name": "Stop & Shop Big Daisy Bread White Value Pack - 2 pk", "cnid": "140", "productId": "76643", "size": "40 oz pkg"},
{"thumb": "http://i4.peapod.com/c/KK/KKNHZ.gif", "price": "149", "unit_price": "$.08/ oz", "name": "Stop & Shop Big Loaf Sandwich Bread White", "cnid": "140", "productId": "56241", "size": "20 oz pkg"},
{"thumb": "http://i4.peapod.com/c/KK/KKNHZ.gif", "price": "150", "unit_price": "$.08/ oz", "name": "Stop & Shop Bread 100% Whole Wheat", "cnid": "140", "productId": "56253", "size": "16 oz pkg"},
{"thumb": "http://i4.peapod.com/c/KK/KKNHZ.gif", "price": "289", "unit_price": "$.18/ oz", "name": "Stop & Shop Bread 100% Whole Wheat No Salt Added", "cnid": "140", "productId": "159042", "size": "16 oz pkg"},
{"thumb": "http://i4.peapod.com/c/KK/KKNHZ.gif", "price": "399", "unit_price": "$.11/ oz", "name": "Stop & Shop Bread 100% Whole Wheat Value Pack - 2 pk", "cnid": "140", "productId": "143923", "size": "36 oz pkg"},
{"thumb": "http://i4.peapod.com/c/KK/KKNHZ.gif", "price": "199", "unit_price": "$.12/ oz", "name": "Stop & Shop Bread Cinnamon", "cnid": "140", "productId": "192592", "size": "16 oz pkg"},
{"thumb": "http://i4.peapod.com/c/KK/KKNHZ.gif", "price": "199", "unit_price": "$.12/ oz", "name": "Stop & Shop Bread Cinnamon Raisin", "cnid": "140", "productId": "89690", "size": "16 oz pkg"},
{"thumb": "http://i4.peapod.com/c/KK/KKNHZ.gif", "price": "239", "unit_price": "$.12/ oz", "name": "Stop & Shop Bread Honey Wheat", "cnid": "140", "productId": "164804", "size": "20 oz pkg"},
{"thumb": "http://i4.peapod.com/c/KK/KKNHZ.gif", "price": "239", "unit_price": "$.15/ oz", "name": "Stop & Shop Bread Italian Lite", "cnid": "140", "productId": "56248", "size": "16 oz pkg"},
{"thumb": "http://i4.peapod.com/c/KK/KKNHZ.gif", "price": "239", "unit_price": "$.15/ oz", "name": "Stop & Shop Bread Italian Sliced", "cnid": "140", "productId": "56258", "size": "16 oz pkg"},
{"thumb": "http://i4.peapod.com/c/KK/KKNHZ.gif", "price": "239", "unit_price": "$.13/ oz", "name": "Stop & Shop Bread Multigrain", "cnid": "140", "productId": "184164", "size": "18 oz pkg"},
{"thumb": "http://i4.peapod.com/c/KK/KKNHZ.gif", "price": "239", "unit_price": "$.15/ oz", "name": "Stop & Shop Bread Multigrain Light", "cnid": "140", "productId": "184163", "size": "16 oz pkg"},
{"thumb": "http://i4.peapod.com/c/KK/KKNHZ.gif", "price": "199", "unit_price": "$.12/ oz", "name": "Stop & Shop Bread Pumpernickel", "cnid": "140", "productId": "159041", "size": "16 oz pkg"},
{"thumb": "http://i4.peapod.com/c/KK/KKNHZ.gif", "price": "199", "unit_price": "$.12/ oz", "name": "Stop & Shop Bread Rye Seeded", "cnid": "140", "productId": "191670", "size": "16 oz pkg"},
{"thumb": "http://i4.peapod.com/c/KK/KKNHZ.gif", "price": "199", "unit_price": "$.12/ oz", "name": "Stop & Shop Bread Rye Seeded Light", "cnid": "140", "productId": "56256", "size": "16 oz pkg"},
{"thumb": "http://i4.peapod.com/c/KK/KKNHZ.gif", "price": "199", "unit_price": "$.12/ oz", "name": "Stop & Shop Bread Rye Seedless", "cnid": "140", "productId": "56259", "size": "16 oz pkg"},
{"thumb": "http://i4.peapod.com/c/KK/KKNHZ.gif", "price": "199", "unit_price": "$.12/ oz", "name": "Stop & Shop Bread Rye Seedless Light", "cnid": "140", "productId": "56242", "size": "16 oz pkg"},
{"thumb": "http://i4.peapod.com/c/KK/KKNHZ.gif", "price": "239", "unit_price": "$.15/ oz", "name": "Stop & Shop Bread Wheat Light", "cnid": "140", "productId": "56249", "size": "16 oz pkg"},
{"thumb": "http://i4.peapod.com/c/KK/KKNHZ.gif", "price": "239", "unit_price": "$.12/ oz", "name": "Stop & Shop Bread Wheat Split Top", "cnid": "140", "productId": "153478", "size": "20 oz pkg"},
{"thumb": "http://i4.peapod.com/c/KK/KKNHZ.gif", "price": "88", "unit_price": "$.05/ oz", "name": "Stop & Shop Bread White Round Top", "cnid": "140", "productId": "175135", "size": "16 oz pkg"},
{"thumb": "http://i4.peapod.com/c/KK/KKNHZ.gif", "price": "299", "unit_price": "$.12/ oz", "name": "Stop & Shop Premium Bread Multigrain", "cnid": "140", "productId": "129796", "size": "24 oz pkg"},
{"thumb": "http://i4.peapod.com/c/KK/KKNHZ.gif", "price": "299", "unit_price": "$.12/ oz", "name": "Stop & Shop Premium Bread Stoneground Wheat", "cnid": "140", "productId": "129799", "size": "24 oz pkg"},
{"thumb": "http://i4.peapod.com/c/KK/KKNHZ.gif", "price": "239", "unit_price": "$.10/ oz", "name": "Stop & Shop Sandwich Bread Wheat", "cnid": "140", "productId": "153479", "size": "24 oz pkg"},
{"thumb": "http://i4.peapod.com/c/KK/KKNHZ.gif", "price": "269", "unit_price": "$.22/ oz", "name": "Stop & Shop Sandwich Rolls Whole Wheat Thin - 8 ct", "cnid": "140", "productId": "159928", "size": "12 oz pkg"},
{"thumb": "http://i4.peapod.com/c/KK/KKNHZ.gif", "price": "139", "unit_price": "$.09/ oz", "name": "Stop & Shop Stuffing Bread", "cnid": "140", "productId": "89218", "size": "16 oz pkg"},
{"thumb": "http://i4.peapod.com/c/KK/KKNHZ.gif", "price": "429", "unit_price": "$.27/ oz", "name": "Sun-Maid Raisin Bread Cinnamon Swirl", "cnid": "140", "productId": "5467", "size": "16 oz pkg"},
{"thumb": "http://i4.peapod.com/c/KK/KKNHZ.gif", "price": "419", "unit_price": "$.28/ oz", "name": "Thomas' Swirl Toasting Bread Cinnamon Raisin Crumb Topping", "cnid": "140", "productId": "133789", "size": "15 oz pkg"},
{"thumb": "http://i4.peapod.com/c/KK/KKNHZ.gif", "price": "359", "unit_price": "$.51/ oz", "name": "Thomas' Toast R Cakes Corn - 6 ct", "cnid": "140", "productId": "36191", "size": "7 oz pkg"},
{"thumb": "http://i4.peapod.com/c/KK/KKNHZ.gif", "price": "349", "unit_price": "$.14/ oz", "name": "Vermont Bread Company Bread 10 Grain Soft", "cnid": "140", "productId": "37724", "size": "24 oz pkg"},
{"thumb": "http://i4.peapod.com/c/KK/KKNHZ.gif", "price": "349", "unit_price": "$.17/ oz", "name": "Vermont Bread Company Bread Cinnamon", "cnid": "140", "productId": "164917", "size": "20 oz pkg"},
{"thumb": "http://i4.peapod.com/c/KK/KKNHZ.gif", "price": "449", "unit_price": "$.28/ oz", "name": "Weight Watchers Bread 100% Whole Wheat", "cnid": "140", "productId": "129769", "size": "16 oz pkg"},
{"thumb": "http://i4.peapod.com/c/KK/KKNHZ.gif", "price": "449", "unit_price": "$.28/ oz", "name": "Weight Watchers Bread Multigrain", "cnid": "140", "productId": "139908", "size": "16 oz pkg"},
{"thumb": "http://i4.peapod.com/c/KK/KKNHZ.gif", "price": "449", "unit_price": "$.28/ oz", "name": "Weight Watchers Bread Rye Seedless", "cnid": "140", "productId": "138916", "size": "16 oz pkg"},
{"thumb": "http://i4.peapod.com/c/KK/KKNHZ.gif", "price": "299", "unit_price": "$.75/ ea", "name": "The Bake Shop Muffins Apple Spice", "cnid": "139", "productId": "117732", "size": "4 ct pkg"},
{"thumb": "http://i4.peapod.com/c/KK/KKNHZ.gif", "price": "299", "unit_price": "$.75/ ea", "name": "The Bake Shop Muffins Blueberry", "cnid": "139", "productId": "67855", "size": "4 ct pkg"},
{"thumb": "http://i4.peapod.com/c/KK/KKNHZ.gif", "price": "379", "unit_price": "$.25/ ea", "name": "The Bake Shop Muffins Blueberry - 6 ct", "cnid": "139", "productId": "158417", "size": "15 oz pkg"},
{"thumb": "http://i4.peapod.com/c/KK/KKNHZ.gif", "price": "299", "unit_price": "$.75/ ea", "name": "The Bake Shop Muffins Blueberry Low Fat", "cnid": "139", "productId": "67854", "size": "4 ct pkg"},
{"thumb": "http://i4.peapod.com/c/KK/KKNHZ.gif", "price": "379", "unit_price": "$.38/ oz", "name": "The Bake Shop Muffins Blueberry Mini - 12 ct", "cnid": "139", "productId": "79912", "size": "10 oz pkg"},
{"thumb": "http://i4.peapod.com/c/KK/KKNHZ.gif", "price": "379", "unit_price": "$.38/ oz", "name": "The Bake Shop Muffins Blueberry Mini - 12 ct", "cnid": "139", "productId": "186869", "size": "10 oz pkg"},
{"thumb": "http://i4.peapod.com/c/KK/KKNHZ.gif", "price": "299", "unit_price": "$.75/ ea", "name": "The Bake Shop Muffins Bran Low Fat", "cnid": "139", "productId": "117729", "size": "4 ct pkg"},
{"thumb": "http://i4.peapod.com/c/KK/KKNHZ.gif", "price": "299", "unit_price": "$.75/ ea", "name": "The Bake Shop Muffins Chocolate Chip", "cnid": "139", "productId": "117725", "size": "4 ct pkg"},
{"thumb": "http://i4.peapod.com/c/KK/KKNHZ.gif", "price": "379", "unit_price": "$.25/ oz", "name": "The Bake Shop Muffins Chocolate Chip - 6 ct", "cnid": "139", "productId": "186867", "size": "15 oz pkg"},
{"thumb": "http://i4.peapod.com/c/KK/KKNHZ.gif", "price": "379", "unit_price": "$.38/ oz", "name": "The Bake Shop Muffins Chocolate Chip Mini - 12 ct", "cnid": "139", "productId": "79909", "size": "10 oz pkg"},
{"thumb": "http://i4.peapod.com/c/KK/KKNHZ.gif", "price": "299", "unit_price": "$.75/ ea", "name": "The Bake Shop Muffins Cinnamon Chip", "cnid": "139", "productId": "124631", "size": "4 ct pkg"},
{"thumb": "http://i4.peapod.com/c/KK/KKNHZ.gif", "price": "299", "unit_price": "$.75/ ea", "name": "The Bake Shop Muffins Corn", "cnid": "139", "productId": "116882", "size": "4 ct pkg"},
{"thumb": "http://i4.peapod.com/c/KK/KKNHZ.gif", "price": "379", "unit_price": "$.25/ oz", "name": "The Bake Shop Muffins Corn - 6 ct", "cnid": "139", "productId": "158416", "size": "15 oz pkg"},
{"thumb": "http://i4.peapod.com/c/KK/KKNHZ.gif", "price": "299", "unit_price": "$.75/ ea", "name": "The Bake Shop Muffins Corn Low Fat", "cnid": "139", "productId": "117730", "size": "4 ct pkg"},
{"thumb": "http://i4.peapod.com/c/KK/KKNHZ.gif", "price": "379", "unit_price": "$.38/ oz", "name": "The Bake Shop Muffins Corn Mini - 12 ct", "cnid": "139", "productId": "130814", "size": "10 oz pkg"},
{"thumb": "http://i4.peapod.com/c/KK/KKNHZ.gif", "price": "449", "unit_price": "$1.12/ ea", "name": "The Bake Shop Muffins Pistachio", "cnid": "139", "productId": "186671", "size": "4 ct pkg"},
{"thumb": "http://i4.peapod.com/c/KK/KKNHZ.gif", "price": "369", "unit_price": "$.62/ ea", "name": "The Bake Shop Muffins Portuguese Sweet", "cnid": "139", "productId": "140386", "size": "6 ct pkg"},
{"thumb": "http://i4.peapod.com/c/KK/KKNHZ.gif", "price": "299", "unit_price": "$.75/ ea", "name": "The Bake Shop Muffins Raisin Bran", "cnid": "139", "productId": "124484", "size": "4 ct pkg"},
{"thumb": "http://i4.peapod.com/c/KK/KKNHZ.gif", "price": "449", "unit_price": "$1.12/ ea", "name": "The Bake Shop Muffins Red Velvet", "cnid": "139", "productId": "186676", "size": "4 ct pkg"},
{"thumb": "http://i4.peapod.com/c/KK/KKNHZ.gif", "price": "479", "unit_price": "$.34/ oz", "name": "Boboli Italian Pizza Crust Original", "cnid": "138", "productId": "11162", "size": "14 oz pkg"},
{"thumb": "http://i4.peapod.com/c/KK/KKNHZ.gif", "price": "479", "unit_price": "$.48/ oz", "name": "Boboli Italian Pizza Crusts Mini 8 Inch - 2 ct", "cnid": "138", "productId": "11161", "size": "10 oz pkg"},
{"thumb": "http://i4.peapod.com/c/KK/KKNHZ.gif", "price": "479", "unit_price": "$.48/ oz", "name": "Boboli Italian Pizza Crust Thin", "cnid": "138", "productId": "34226", "size": "10 oz pkg"},
{"thumb": "http://i4.peapod.com/c/KK/KKNHZ.gif", "price": "599", "unit_price": "$.37/ oz", "name": "Mama Mary's Pizza Crusts Thin & Crispy 12 Inch - 2 ct", "cnid": "138", "productId": "150240", "size": "16 oz pkg"},
{"thumb": "http://i4.peapod.com/c/KK/KKNHZ.gif", "price": "599", "unit_price": "$.25/ oz", "name": "Mama Mary's Pizza Crusts Traditional 12 Inch - 2 ct", "cnid": "138", "productId": "37477", "size": "24 oz pkg"},
{"thumb": "http://i4.peapod.com/c/KK/KKNHZ.gif", "price": "499", "unit_price": "$.42/ oz", "name": "Mama Mary's Pizza Crusts Traditional 7 Inch - 3 ct", "cnid": "138", "productId": "68945", "size": "12 oz pkg"},
{"thumb": "http://i4.peapod.com/c/KK/KKNHZ.gif", "price": "799", "unit_price": "$.15/ oz", "name": "Sonny's Sheet Dough Pizza Pan Fresh Refrigerated", "cnid": "138", "productId": "158775", "size": "52 oz pkg"},
{"thumb": "http://i4.peapod.com/c/KK/KKNHZ.gif", "price": "499", "unit_price": "$.21/ oz", "name": "Stop & Shop Pizza Crust 12 Inch - 2 ct Fresh", "cnid": "138", "productId": "153639", "size": "24 oz pkg"},
{"thumb": "http://i4.peapod.com/c/KK/KKNHZ.gif", "price": "399", "unit_price": "$.44/ oz", "name": "Stop & Shop Pizza Crust Thin Whole Wheat 7 Inch - 3 ct Fresh", "cnid": "138", "productId": "153644", "size": "9 oz pkg"},
{"thumb": "http://i4.peapod.com/c/KK/KKNHZ.gif", "price": "499", "unit_price": "$.31/ oz", "name": "Stop & Shop Pizza Crust Whole Wheat 12 Inch - 2 ct Fresh", "cnid": "138", "productId": "153641", "size": "16 oz pkg"},
{"thumb": "http://i4.peapod.com/c/KK/KKNHZ.gif", "price": "229", "unit_price": "$.14/ oz", "name": "The Bake Shop Dough Pizza Refrigerated", "cnid": "138", "productId": "125011", "size": "16 oz pkg"},
{"thumb": "http://i4.peapod.com/c/KK/KKNHZ.gif", "price": "219", "unit_price": "$.21/ oz", "name": "Chabaso Bakery Baguette Classic All Natural", "cnid": "121", "productId": "140541", "size": "10.5 oz pkg"},
{"thumb": "http://i4.peapod.com/c/KK/KKNHZ.gif", "price": "369", "unit_price": "$.23/ oz", "name": "Chabaso Bakery Boule Sourdough All Natural", "cnid": "121", "productId": "154166", "size": "16 oz pkg"},
{"thumb": "http://i4.peapod.com/c/KK/KKNHZ.gif", "price": "379", "unit_price": "$.24/ oz", "name": "Chabaso Bakery Ciabatta Classic All Natural", "cnid": "121", "productId": "132122", "size": "16 oz pkg"},
{"thumb": "http://i4.peapod.com/c/KK/KKNHZ.gif", "price": "379", "unit_price": "$.24/ oz", "name": "Chabaso Bakery Ciabatta Loaf Roasted Garlic", "cnid": "121", "productId": "186864", "size": "16 oz pkg"},
{"thumb": "http://i4.peapod.com/c/KK/KKNHZ.gif", "price": "379", "unit_price": "$.24/ oz", "name": "Chabaso Bakery Ciabatta Olive Oil All Natural", "cnid": "121", "productId": "132124", "size": "16 oz pkg"},
{"thumb": "http://i4.peapod.com/c/KK/KKNHZ.gif", "price": "379", "unit_price": "$.24/ oz", "name": "Chabaso Bakery Ciabatta Rainin' Grains", "cnid": "121", "productId": "186220", "size": "16 oz pkg"},
{"thumb": "http://i4.peapod.com/c/KK/KKNHZ.gif", "price": "299", "unit_price": "$.27/ oz", "name": "Chabaso Bakery Ciabatta Stix Olive Oil All Natural - 3 ct", "cnid": "121", "productId": "154163", "size": "11 oz pkg"},
{"thumb": "http://i4.peapod.com/c/KK/KKNHZ.gif", "price": "299", "unit_price": "$.27/ oz", "name": "Chabaso Bakery Ciabatta Stix Roasted Garlic All Natural - 3 ct", "cnid": "121", "productId": "146167", "size": "11 oz pkg"},
{"thumb": "http://i4.peapod.com/c/KK/KKNHZ.gif", "price": "379", "unit_price": "$.24/ oz", "name": "Chabaso Bakery Ciabatta Wheat All Natural", "cnid": "121", "productId": "154165", "size": "16 oz pkg"},
{"thumb": "http://i4.peapod.com/c/KK/KKNHZ.gif", "price": "219", "unit_price": "$.27/ oz", "name": "Nature's Promise Bread Ciabatta Demi", "cnid": "121", "productId": "186863", "size": "8 oz pkg"},
{"thumb": "http://i4.peapod.com/c/KK/KKNHZ.gif", "price": "219", "unit_price": "$.27/ oz", "name": "Nature's Promise Bread Ciabatta Wheat Demi", "cnid": "121", "productId": "186862", "size": "8 oz pkg"},
{"thumb": "http://i4.peapod.com/c/KK/KKNHZ.gif", "price": "199", "unit_price": "$.14/ oz", "name": "Nature's Promise Naturals Baguette", "cnid": "121", "productId": "146162", "size": "14 oz pkg"},
{"thumb": "http://i4.peapod.com/c/KK/KKNHZ.gif", "price": "349", "unit_price": "$.22/ oz", "name": "Nature's Promise Naturals Bread Ciabatta Rustica", "cnid": "121", "productId": "146166", "size": "16 oz pkg"},
{"thumb": "http://i4.peapod.com/c/KK/KKNHZ.gif", "price": "329", "unit_price": "$.37/ oz", "name": "Stonefire Authentic Flatbreads Baked Tandoor NAAN Original All Natural", "cnid": "121", "productId": "142762", "size": "8.8 oz pkg"},
{"thumb": "http://i4.peapod.com/c/KK/KKNHZ.gif", "price": "329", "unit_price": "$.37/ oz", "name": "Stonefire Authentic Flatbreads Tandoor Baked NAAN Garlic All Natural", "cnid": "121", "productId": "149429", "size": "8.8 oz pkg"},
{"thumb": "http://i4.peapod.com/c/KK/KKNHZ.gif", "price": "329", "unit_price": "$.37/ oz", "name": "Stonefire Authentic Flatbreads Tandoor Baked NAAN Whole Grain All Natural", "cnid": "121", "productId": "150662", "size": "8.8 oz pkg"},
{"thumb": "http://i4.peapod.com/c/KK/KKNHZ.gif", "price": "399", "unit_price": "$.18/ oz", "name": "The Bake Shop Bread Challah Braid", "cnid": "121", "productId": "56935", "size": "22 oz pkg"},
{"thumb": "http://i4.peapod.com/c/KK/KKNHZ.gif", "price": "499", "unit_price": "$.25/ oz", "name": "The Bake Shop Bread Challah Unsliced", "cnid": "121", "productId": "125418", "size": "20 oz pkg"},
{"thumb": "http://i4.peapod.com/c/KK/KKNHZ.gif", "price": "399", "unit_price": "$.20/ oz", "name": "The Bake Shop Bread Cinnamon Raisin", "cnid": "121", "productId": "161984", "size": "20 oz pkg"},
{"thumb": "http://i4.peapod.com/c/KK/KKNHZ.gif", "price": "379", "unit_price": "$.21/ oz", "name": "The Bake Shop Bread Corn", "cnid": "121", "productId": "57454", "size": "18 oz pkg"},
{"thumb": "http://i4.peapod.com/c/KK/KKNHZ.gif", "price": "179", "unit_price": "$.20/ oz", "name": "The Bake Shop Bread French", "cnid": "121", "productId": "158407", "size": "9 oz pkg"},
{"thumb": "http://i4.peapod.com/c/KK/KKNHZ.gif", "price": "229", "unit_price": "$.14/ oz", "name": "The Bake Shop Bread French", "cnid": "121", "productId": "56820", "size": "16 oz pkg"},
{"thumb": "http://i4.peapod.com/c/KK/KKNHZ.gif", "price": "329", "unit_price": "$.18/ oz", "name": "The Bake Shop Bread French - 3 ct", "cnid": "121", "productId": "56727", "size": "18 oz pkg"},
{"thumb": "http://i4.peapod.com/c/KK/KKNHZ.gif", "price": "249", "unit_price": "$.16/ oz", "name": "The Bake Shop Bread Garlic", "cnid": "121", "productId": "56736", "size": "16 oz pkg"},
{"thumb": "http://i4.peapod.com/c/KK/KKNHZ.gif", "price": "99", "unit_price": "$.06/ oz", "name": "The Bake Shop Bread Italian", "cnid": "121", "productId": "56733", "size": "16 oz pkg"},
{"thumb": "http://i4.peapod.com/c/KK/KKNHZ.gif", "price": "99", "unit_price": "$.06/ oz", "name": "The Bake Shop Bread Italian Sliced", "cnid": "121", "productId": "56734", "size": "16 oz pkg"},
{"thumb": "http://i4.peapod.com/c/KK/KKNHZ.gif", "price": "499", "unit_price": "$.16/ oz", "name": "The Bake Shop Bread Marble Round Boule", "cnid": "121", "productId": "154170", "size": "32 oz pkg"},
{"thumb": "http://i4.peapod.com/c/KK/KKNHZ.gif", "price": "499", "unit_price": "$.28/ oz", "name": "The Bake Shop Bread Panini Multigrain Sliced", "cnid": "121", "productId": "154172", "size": "17.5 oz pkg"},
{"thumb": "http://i4.peapod.com/c/KK/KKNHZ.gif", "price": "499", "unit_price": "$.16/ oz", "name": "The Bake Shop Bread Pumpernickel Round Boule", "cnid": "121", "productId": "154169", "size": "32 oz pkg"},
{"thumb": "http://i4.peapod.com/c/KK/KKNHZ.gif", "price": "279", "unit_price": "$.17/ oz", "name": "The Bake Shop Bread Scali Sliced", "cnid": "121", "productId": "56828", "size": "16 oz pkg"},
{"thumb": "http://i4.peapod.com/c/KK/KKNHZ.gif", "price": "499", "unit_price": "$.28/ oz", "name": "The Bake Shop Bread Sourdough Panini Sliced", "cnid": "121", "productId": "186866", "size": "17.6 oz pkg"},
{"thumb": "http://i4.peapod.com/c/KK/KKNHZ.gif", "price": "199", "unit_price": "$.12/ oz", "name": "The Bake Shop Bread White", "cnid": "121", "productId": "61814", "size": "16 oz pkg"},
{"thumb": "http://i4.peapod.com/c/KK/KKNHZ.gif", "price": "199", "unit_price": "$.12/ oz", "name": "The Bake Shop Bread Whole Wheat", "cnid": "121", "productId": "61815", "size": "16 oz pkg"},
{"thumb": "http://i4.peapod.com/c/KK/KKNHZ.gif", "price": "399", "unit_price": "$.20/ oz", "name": "The Bake Shop Brick Oven Bread Tuscan Panini", "cnid": "121", "productId": "186859", "size": "20 oz pkg"},
{"thumb": "http://i4.peapod.com/c/KK/KKNHZ.gif", "price": "489", "unit_price": "$.35/ oz", "name": "Barowsky's English Muffins 100% Sprouted Whole Wheat Organic - 6 ct", "cnid": "120", "productId": "187075", "size": "14 oz pkg"},
{"thumb": "http://i4.peapod.com/c/KK/KKNHZ.gif", "price": "489", "unit_price": "$.38/ oz", "name": "Barowsky's English Muffins 12 Grain Organic - 6 ct", "cnid": "120", "productId": "187073", "size": "13 oz pkg"},
{"thumb": "http://i4.peapod.com/c/KK/KKNHZ.gif", "price": "489", "unit_price": "$.38/ oz", "name": "Barowsky's English Muffins Plain Organic - 6 ct", "cnid": "120", "productId": "187074", "size": "13 oz pkg"},
{"thumb": "http://i4.peapod.com/c/KK/KKNHZ.gif", "price": "489", "unit_price": "$.38/ oz", "name": "Barowsky's English Muffins Wheat Organic - 6 ct", "cnid": "120", "productId": "187076", "size": "13 oz pkg"},
{"thumb": "http://i4.peapod.com/c/KK/KKNHZ.gif", "price": "250", "unit_price": "$.21/ oz", "name": "Fiber One English Muffins 100% Whole Wheat - 6 ct", "cnid": "120", "productId": "153822", "size": "12 oz pkg"},
{"thumb": "http://i4.peapod.com/c/KK/KKNHZ.gif", "price": "250", "unit_price": "$.21/ oz", "name": "Fiber One English Muffins Multigrain - 6 ct", "cnid": "120", "productId": "149419", "size": "12 oz pkg"},
{"thumb": "http://i4.peapod.com/c/KK/KKNHZ.gif", "price": "250", "unit_price": "$.21/ oz", "name": "Fiber One English Muffins Original - 6 ct", "cnid": "120", "productId": "153821", "size": "12 oz pkg"},
{"thumb": "http://i4.peapod.com/c/KK/KKNHZ.gif", "price": "250", "unit_price": "$.21/ oz", "name": "Fiber One English Muffins Wheat Multigrain - 6 ct", "cnid": "120", "productId": "149420", "size": "12 oz pkg"},
{"thumb": "http://i4.peapod.com/c/KK/KKNHZ.gif", "price": "219", "unit_price": "$.12/ oz", "name": "Stop & Shop English Muffins Jumbo Ready Split - 6 ct", "cnid": "120", "productId": "159040", "size": "18 oz pkg"},
{"thumb": "http://i4.peapod.com/c/KK/KKNHZ.gif", "price": "219", "unit_price": "$.18/ oz", "name": "Stop & Shop English Muffins Light Ready Split - 6 ct", "cnid": "120", "productId": "132365", "size": "12 oz pkg"},
{"thumb": "http://i4.peapod.com/c/KK/KKNHZ.gif", "price": "219", "unit_price": "$.18/ oz", "name": "Stop & Shop English Muffins Multigrain Light Ready Split - 6 ct", "cnid": "120", "productId": "153476", "size": "12 oz pkg"},
{"thumb": "http://i4.peapod.com/c/KK/KKNHZ.gif", "price": "269", "unit_price": "$.11/ oz", "name": "Stop & Shop English Muffins Original Ready Split - 12 ct", "cnid": "120", "productId": "56284", "size": "24 oz pkg"},
{"thumb": "http://i4.peapod.com/c/KK/KKNHZ.gif", "price": "169", "unit_price": "$.14/ oz", "name": "Stop & Shop English Muffins Original Ready Split - 6 ct", "cnid": "120", "productId": "56609", "size": "12 oz pkg"},
{"thumb": "http://i4.peapod.com/c/KK/KKNHZ.gif", "price": "219", "unit_price": "$.18/ oz", "name": "Stop & Shop English Muffins Raisin Reduced Calorie Ready Split - 6 ct", "cnid": "120", "productId": "159039", "size": "12 oz pkg"},
{"thumb": "http://i4.peapod.com/c/KK/KKNHZ.gif", "price": "219", "unit_price": "$.18/ oz", "name": "Stop & Shop English Muffins Whole Wheat Ready Split - 6 ct", "cnid": "120", "productId": "56607", "size": "12 oz pkg"},
{"thumb": "http://i4.peapod.com/c/KK/KKNHZ.gif", "price": "449", "unit_price": "$.37/ oz", "name": "Thomas' Better Start English Muffins Multi-Grain Light - 6 ct", "cnid": "120", "productId": "136124", "size": "12 oz pkg"},
{"thumb": "http://i4.peapod.com/c/KK/KKNHZ.gif", "price": "449", "unit_price": "$.41/ oz", "name": "Thomas' English Muffins Better Start Triple Health - 6 ct", "cnid": "120", "productId": "143560", "size": "11 oz pkg"},
{"thumb": "http://i4.peapod.com/c/KK/KKNHZ.gif", "price": "419", "unit_price": "$.32/ oz", "name": "Thomas' English Muffins Cinnamon Raisin - 6 ct", "cnid": "120", "productId": "6770", "size": "13 oz pkg"},
{"thumb": "http://i4.peapod.com/c/KK/KKNHZ.gif", "price": "449", "unit_price": "$.37/ oz", "name": "Thomas' English Muffins Double Fiber Honey Wheat - 6 ct", "cnid": "120", "productId": "6773", "size": "12 oz pkg"},
{"thumb": "http://i4.peapod.com/c/KK/KKNHZ.gif", "price": "419", "unit_price": "$.35/ oz", "name": "Thomas' English Muffins Honey Wheat - 6 ct", "cnid": "120", "productId": "157457", "size": "12 oz pkg"},
{"thumb": "http://i4.peapod.com/c/KK/KKNHZ.gif", "price": "449", "unit_price": "$.37/ oz", "name": "Thomas' English Muffins Multigrain - 6 ct", "cnid": "120", "productId": "132779", "size": "12 oz pkg"},
{"thumb": "http://i4.peapod.com/c/KK/KKNHZ.gif", "price": "419", "unit_price": "$.35/ oz", "name": "Thomas' English Muffins Original - 6 ct", "cnid": "120", "productId": "6767", "size": "12 oz pkg"},
{"thumb": "http://i4.peapod.com/c/KK/KKNHZ.gif", "price": "419", "unit_price": "$.35/ oz", "name": "Thomas' English Muffins Original Made with Whole Grain - 6 ct", "cnid": "120", "productId": "154555", "size": "12 oz pkg"},
{"thumb": "http://i4.peapod.com/c/KK/KKNHZ.gif", "price": "419", "unit_price": "$.32/ oz", "name": "Thomas' English Muffins Sandwich Size - 4 ct", "cnid": "120", "productId": "34259", "size": "13 oz pkg"},
{"thumb": "http://i4.peapod.com/c/KK/KKNHZ.gif", "price": "499", "unit_price": "$.21/ oz", "name": "Thomas' English Muffins Value Pack - 12 ct", "cnid": "120", "productId": "6768", "size": "24 oz pkg"},
{"thumb": "http://i4.peapod.com/c/KK/KKNHZ.gif", "price": "449", "unit_price": "$.34/ oz", "name": "Thomas' Hearty Grains English Muffins 100% Whole Wheat - 6 ct", "cnid": "120", "productId": "135765", "size": "13 oz pkg"},
{"thumb": "http://i4.peapod.com/c/KK/KKNHZ.gif", "price": "300", "unit_price": "$.23/ oz", "name": "Vermont Bread Co. English Muffins Golden White - 6 ct", "cnid": "120", "productId": "191315", "size": "13 oz pkg"},
{"thumb": "http://i4.peapod.com/c/KK/KKNHZ.gif", "price": "300", "unit_price": "$.23/ oz", "name": "Vermont Bread Co. English Muffins Whole Wheat - 6 ct", "cnid": "120", "productId": "191314", "size": "13 oz pkg"},
{"thumb": "http://i4.peapod.com/c/KK/KKNHZ.gif", "price": "399", "unit_price": "$.22/ oz", "name": "Bakery Donuts Mini Chocolate Enrobed", "cnid": "87", "productId": "158427", "size": "18 oz tub"},
{"thumb": "http://i4.peapod.com/c/KK/KKNHZ.gif", "price": "699", "unit_price": "$.29/ oz", "name": "Boston Coffee Cake Cinnamon Walnut", "cnid": "87", "productId": "125953", "size": "24 oz pkg"},
{"thumb": "http://i4.peapod.com/c/KK/KKNHZ.gif", "price": "699", "unit_price": "$.29/ oz", "name": "Boston Coffee Cake Marble Madness with Nestle Semi Sweet Morsels", "cnid": "87", "productId": "126406", "size": "24 oz pkg"},
{"thumb": "http://i4.peapod.com/c/KK/KKNHZ.gif", "price": "300", "unit_price": "$.25/ oz", "name": "Country Kitchen Donuts Cinnamon (Individually Wrapped) - 6 ct", "cnid": "87", "productId": "182748", "size": "12 oz box"},
{"thumb": "http://i4.peapod.com/c/KK/KKNHZ.gif", "price": "300", "unit_price": "$.25/ oz", "name": "Country Kitchen Donuts Plain (Individually Wrapped) - 6 ct", "cnid": "87", "productId": "151222", "size": "12 oz box"},
{"thumb": "http://i4.peapod.com/c/KK/KKNHZ.gif", "price": "300", "unit_price": "$.25/ oz", "name": "Country Kitchen Donuts Plain Powdered (Individually Wrapped) - 6 ct", "cnid": "87", "productId": "183281", "size": "12 oz box"},
{"thumb": "http://i4.peapod.com/c/KK/KKNHZ.gif", "price": "669", "unit_price": "$.39/ oz", "name": "Entenmann's Buns Cinnamon Swirl", "cnid": "87", "productId": "97486", "size": "17 oz box"},
{"thumb": "http://i4.peapod.com/c/KK/KKNHZ.gif", "price": "629", "unit_price": "$.31/ oz", "name": "Entenmann's Cake Chocolate Fudge", "cnid": "87", "productId": "23837", "size": "20 oz box"},
{"thumb": "http://i4.peapod.com/c/KK/KKNHZ.gif", "price": "629", "unit_price": "$.35/ oz", "name": "Entenmann's Cake Golden with Thick Fudge Icing", "cnid": "87", "productId": "97559", "size": "18 oz box"},
{"thumb": "http://i4.peapod.com/c/KK/KKNHZ.gif", "price": "679", "unit_price": "$.26/ oz", "name": "Entenmann's Cake Louisiana Crunch", "cnid": "87", "productId": "8580", "size": "26 oz box"},
{"thumb": "http://i4.peapod.com/c/KK/KKNHZ.gif", "price": "629", "unit_price": "$.31/ oz", "name": "Entenmann's Cake Marshmallow Iced Devil's Food", "cnid": "87", "productId": "23838", "size": "20 oz box"},
{"thumb": "http://i4.peapod.com/c/KK/KKNHZ.gif", "price": "529", "unit_price": "$.31/ oz", "name": "Entenmann's Classic Donuts Crumb Topped - 8 ct", "cnid": "87", "productId": "8571", "size": "17 oz box"},
{"thumb": "http://i4.peapod.com/c/KK/KKNHZ.gif", "price": "669", "unit_price": "$.39/ oz", "name": "Entenmann's Coffee Crumb Cake Cheese Filled", "cnid": "87", "productId": "8579", "size": "17 oz box"},
{"thumb": "http://i4.peapod.com/c/KK/KKNHZ.gif", "price": "669", "unit_price": "$.45/ oz", "name": "Entenmann's Danish Twist Cheese", "cnid": "87", "productId": "126163", "size": "15 oz box"},
{"thumb": "http://i4.peapod.com/c/KK/KKNHZ.gif", "price": "669", "unit_price": "$.48/ oz", "name": "Entenmann's Danish Twist Raspberry", "cnid": "87", "productId": "8577", "size": "14 oz box"},
{"thumb": "http://i4.peapod.com/c/KK/KKNHZ.gif", "price": "449", "unit_price": "$.37/ oz", "name": "Entenmann's Donuts Chocolate Frosted Mini", "cnid": "87", "productId": "103747", "size": "12 oz box"},
{"thumb": "http://i4.peapod.com/c/KK/KKNHZ.gif", "price": "529", "unit_price": "$.33/ oz", "name": "Entenmann's Donuts Classic Variety Pack - 8 ct", "cnid": "87", "productId": "23784", "size": "16 oz box"},
{"thumb": "http://i4.peapod.com/c/KK/KKNHZ.gif", "price": "529", "unit_price": "$.29/ oz", "name": "Entenmann's Donuts Rich Frosted Chocolate - 8 ct", "cnid": "87", "productId": "22798", "size": "18 oz box"},
{"thumb": "http://i4.peapod.com/c/KK/KKNHZ.gif", "price": "529", "unit_price": "$.33/ oz", "name": "Entenmann's Donuts Ultimate Chocolate Lover's Variety Pack - 8 ct", "cnid": "87", "productId": "156683", "size": "16 oz box"},
{"thumb": "http://i4.peapod.com/c/KK/KKNHZ.gif", "price": "469", "unit_price": "$.34/ oz", "name": "Entenmann's Loaf Cake Marble", "cnid": "87", "productId": "97500", "size": "14 oz box"},
{"thumb": "http://i4.peapod.com/c/KK/KKNHZ.gif", "price": "669", "unit_price": "$.37/ oz", "name": "Entenmann's Pastry Puffs Apple", "cnid": "87", "productId": "97474", "size": "18 oz box"},
{"thumb": "http://i4.peapod.com/c/KK/KKNHZ.gif", "price": "449", "unit_price": "$.30/ oz", "name": "Entenmann's Pop'ems Donut Holes Glazed", "cnid": "87", "productId": "57962", "size": "15 oz box"},
{"thumb": "http://i4.peapod.com/c/KK/KKNHZ.gif", "price": "449", "unit_price": "$.26/ oz", "name": "Entenmann's Pop'ems Donut Holes Rich Frosted", "cnid": "87", "productId": "123692", "size": "17 oz box"},
{"thumb": "http://i4.peapod.com/c/KK/KKNHZ.gif", "price": "469", "unit_price": "$.41/ oz", "name": "Entenmann's Pound Cake All Butter", "cnid": "87", "productId": "8570", "size": "11.5 oz box"},
{"thumb": "http://i4.peapod.com/c/KK/KKNHZ.gif", "price": "569", "unit_price": "$.26/ oz", "name": "Entenmann's Soft'ees Donuts Assorted - 12 ct", "cnid": "87", "productId": "131053", "size": "22 oz box"},
{"thumb": "http://i4.peapod.com/c/KK/KKNHZ.gif", "price": "569", "unit_price": "$.32/ oz", "name": "Entenmann's Soft'ees Donuts Plain Family Pack - 12 ct", "cnid": "87", "productId": "158879", "size": "18 oz box"},
{"thumb": "http://i4.peapod.com/c/KK/KKNHZ.gif", "price": "569", "unit_price": "$.30/ oz", "name": "Entenmann's Soft'ees Donuts Variety Family Pack - 12 ct", "cnid": "87", "productId": "94774", "size": "19 oz box"},
{"thumb": "http://i4.peapod.com/c/KK/KKNHZ.gif", "price": "669", "unit_price": "$.28/ oz", "name": "Entenmann's Ultimate Super Cinnamon Buns - 4 ct", "cnid": "87", "productId": "124180", "size": "24 oz box"},
{"thumb": "http://i4.peapod.com/c/KK/KKNHZ.gif", "price": "399", "unit_price": "$.80/ oz", "name": "Frieda's Crepes French Style - 10 ct", "cnid": "87", "productId": "129975", "size": "5 oz pkg"},
{"thumb": "http://i4.peapod.com/c/KK/KKNHZ.gif", "price": "499", "unit_price": "$.38/ oz", "name": "Give & Go Two Bite Cinnamon Rolls", "cnid": "87", "productId": "186868", "size": "13 oz pkg"},
{"thumb": "http://i4.peapod.com/c/KK/KKNHZ.gif", "price": "1199", "unit_price": "$.43/ oz", "name": "My Grandma's of New England Coffee Cake Cinnamon No Walnuts", "cnid": "87", "productId": "158531", "size": "28 oz box"},
{"thumb": "http://i4.peapod.com/c/KK/KKNHZ.gif", "price": "1199", "unit_price": "$.43/ oz", "name": "My Grandma's of New England Coffee Cake Cinnamon Walnut", "cnid": "87", "productId": "158532", "size": "28 oz box"},
{"thumb": "http://i4.peapod.com/c/KK/KKNHZ.gif", "price": "379", "unit_price": "$.47/ ea", "name": "The Bake Shop Brownies with Chocolate Icing", "cnid": "87", "productId": "140375", "size": "8 ct pkg"},
{"thumb": "http://i4.peapod.com/c/KK/KKNHZ.gif", "price": "1299", "unit_price": "$.72/ ea", "name": "The Bake Shop Brownie Tray", "cnid": "87", "productId": "145111", "size": "18 ct pkg"},
{"thumb": "http://i4.peapod.com/c/KK/KKNHZ.gif", "price": "449", "unit_price": "$.30/ oz", "name": "The Bake Shop Cake Angel Food Plain", "cnid": "87", "productId": "57381", "size": "15 oz pkg"},
{"thumb": "http://i4.peapod.com/c/KK/KKNHZ.gif", "price": "599", "unit_price": "$.28/ oz", "name": "The Bake Shop Cake Apple Crumb Square", "cnid": "87", "productId": "186878", "size": "21 oz pkg"},
{"thumb": "http://i4.peapod.com/c/KK/KKNHZ.gif", "price": "1099", "unit_price": "$.31/ oz", "name": "The Bake Shop Cake Belgian 5 Chocolate 7 Inch", "cnid": "87", "productId": "158486", "size": "36 oz pkg"},
{"thumb": "http://i4.peapod.com/c/KK/KKNHZ.gif", "price": "999", "unit_price": "$.28/ oz", "name": "The Bake Shop Cake Boston Creme", "cnid": "87", "productId": "57378", "size": "36 oz pkg"},
{"thumb": "http://i4.peapod.com/c/KK/KKNHZ.gif", "price": "1099", "unit_price": "$.24/ oz", "name": "The Bake Shop Cake Carrot Double Layer Round 7 Inch", "cnid": "87", "productId": "186873", "size": "46 oz pkg"},
{"thumb": "http://i4.peapod.com/c/KK/KKNHZ.gif", "price": "1299", "unit_price": "$.32/ oz", "name": "The Bake Shop Cake Chocolate Truffle Bomb Round 7 Inch", "cnid": "87", "productId": "186875", "size": "40 oz pkg"},
{"thumb": "http://i4.peapod.com/c/KK/KKNHZ.gif", "price": "1899", "unit_price": "$18.99/ ea", "name": "The Bake Shop Cake Chocolate with Chocolate Buttercream Icing 1/4 Sheet", "cnid": "87", "productId": "186870", "size": "1 ct pkg"},
{"thumb": "http://i4.peapod.com/c/KK/KKNHZ.gif", "price": "1099", "unit_price": "$.35/ oz", "name": "The Bake Shop Cake Chocolate with Chocolate Buttercream Icing 1/8 Sheet", "cnid": "87", "productId": "158480", "size": "31 oz pkg"},
{"thumb": "http://i4.peapod.com/c/KK/KKNHZ.gif", "price": "1099", "unit_price": "$.39/ oz", "name": "The Bake Shop Cake Cookies 'n Cream 7 Inch", "cnid": "87", "productId": "158487", "size": "28 oz pkg"},
{"thumb": "http://i4.peapod.com/c/KK/KKNHZ.gif", "price": "1799", "unit_price": "$.47/ oz", "name": "The Bake Shop Cake Marble Balloon 1/4 Sheet", "cnid": "87", "productId": "125960", "size": "38 oz pkg"},
{"thumb": "http://i4.peapod.com/c/KK/KKNHZ.gif", "price": "1799", "unit_price": "$.45/ oz", "name": "The Bake Shop Cake Marble with White Whipped Icing Balloon 1/4 Sheet", "cnid": "87", "productId": "158482", "size": "40 oz pkg"},
{"thumb": "http://i4.peapod.com/c/KK/KKNHZ.gif", "price": "999", "unit_price": "$.28/ oz", "name": "The Bake Shop Cake Red Velvet Round 7 Inch", "cnid": "87", "productId": "186874", "size": "36 oz pkg"},
{"thumb": "http://i4.peapod.com/c/KK/KKNHZ.gif", "price": "999", "unit_price": "$.50/ oz", "name": "The Bake Shop Cake Single Layer Yellow Balloon 8 Inch", "cnid": "87", "productId": "158479", "size": "20 oz pkg"},
{"thumb": "http://i4.peapod.com/c/KK/KKNHZ.gif", "price": "999", "unit_price": "$.50/ oz", "name": "The Bake Shop Cake Single Layer Yellow Celeb with White Whip Icing 8 Inch", "cnid": "87", "productId": "158478", "size": "20 oz pkg"},
{"thumb": "http://i4.peapod.com/c/KK/KKNHZ.gif", "price": "1299", "unit_price": "$.38/ oz", "name": "The Bake Shop Cake Tiramisu 7 Inch", "cnid": "87", "productId": "158484", "size": "34 oz pkg"},
{"thumb": "http://i4.peapod.com/c/KK/KKNHZ.gif", "price": "1499", "unit_price": "$.42/ oz", "name": "The Bake Shop Cake White Cake with Chocolate Mousse 7 Inch", "cnid": "87", "productId": "158483", "size": "36 oz pkg"},
{"thumb": "http://i4.peapod.com/c/KK/KKNHZ.gif", "price": "1299", "unit_price": "$.32/ oz", "name": "The Bake Shop Cake White Double Layer with White Buttercream Icing", "cnid": "87", "productId": "186876", "size": "40 oz pkg"},
{"thumb": "http://i4.peapod.com/c/KK/KKNHZ.gif", "price": "1099", "unit_price": "$.35/ oz", "name": "The Bake Shop Cake White with White Buttercream Icing 1/8 Sheet", "cnid": "87", "productId": "158481", "size": "31 oz pkg"},
{"thumb": "http://i4.peapod.com/c/KK/KKNHZ.gif", "price": "1099", "unit_price": "$.31/ oz", "name": "The Bake Shop Cake Yellow with Chocolate Buttercream Icing 7 Inch", "cnid": "87", "productId": "158485", "size": "36 oz pkg"},
{"thumb": "http://i4.peapod.com/c/KK/KKNHZ.gif", "price": "1899", "unit_price": "$18.99/ ea", "name": "The Bake Shop Cake Yellow with White Buttercream Icing 1/4 Sheet", "cnid": "87", "productId": "186871", "size": "1 ct pkg"},
{"thumb": "http://i4.peapod.com/c/KK/KKNHZ.gif", "price": "499", "unit_price": "$.42/ oz", "name": "The Bake Shop Cannolis - 4 ct", "cnid": "87", "productId": "94773", "size": "12 oz pkg"},
{"thumb": "http://i4.peapod.com/c/KK/KKNHZ.gif", "price": "1299", "unit_price": "$.41/ oz", "name": "The Bake Shop Cheesecake New York Style 7 Inch", "cnid": "87", "productId": "158475", "size": "32 oz pkg"},
{"thumb": "http://i4.peapod.com/c/KK/KKNHZ.gif", "price": "599", "unit_price": "$.50/ oz", "name": "The Bake Shop Cheesecake New York Style Quarter", "cnid": "87", "productId": "158473", "size": "12 oz pkg"},
{"thumb": "http://i4.peapod.com/c/KK/KKNHZ.gif", "price": "1299", "unit_price": "$.41/ oz", "name": "The Bake Shop Cheesecake NY Style Strawberry 7 Inch", "cnid": "87", "productId": "158476", "size": "32 oz pkg"},
{"thumb": "http://i4.peapod.com/c/KK/KKNHZ.gif", "price": "1499", "unit_price": "$.47/ oz", "name": "The Bake Shop Cheesecake Sampler", "cnid": "87", "productId": "116863", "size": "32 oz pkg"},
{"thumb": "http://i4.peapod.com/c/KK/KKNHZ.gif", "price": "699", "unit_price": "$.44/ oz", "name": "The Bake Shop Cheesecake Strawberry Swirl Quarter", "cnid": "87", "productId": "158474", "size": "16 oz pkg"},
{"thumb": "http://i4.peapod.com/c/KK/KKNHZ.gif", "price": "499", "unit_price": "$.25/ oz", "name": "The Bake Shop Cinnamon Buns Iced - 4 ct", "cnid": "87", "productId": "86153", "size": "20 oz pkg"},
{"thumb": "http://i4.peapod.com/c/KK/KKNHZ.gif", "price": "399", "unit_price": "$.20/ oz", "name": "The Bake Shop Cookies Candy - 20 ct", "cnid": "87", "productId": "116156", "size": "20 oz pkg"},
{"thumb": "http://i4.peapod.com/c/KK/KKNHZ.gif", "price": "449", "unit_price": "$.22/ oz", "name": "The Bake Shop Cookies Chocolate Chip - 20 ct", "cnid": "87", "productId": "56999", "size": "20 oz pkg"},
{"thumb": "http://i4.peapod.com/c/KK/KKNHZ.gif", "price": "399", "unit_price": "$.27/ oz", "name": "The Bake Shop Cookies Ginger Chews", "cnid": "87", "productId": "186881", "size": "15 oz pkg"},
{"thumb": "http://i4.peapod.com/c/KK/KKNHZ.gif", "price": "399", "unit_price": "$.28/ oz", "name": "The Bake Shop Cookies Gourmet Chocolate Chunk - 8 ct", "cnid": "87", "productId": "158425", "size": "14 oz pkg"},
{"thumb": "http://i4.peapod.com/c/KK/KKNHZ.gif", "price": "399", "unit_price": "$.28/ oz", "name": "The Bake Shop Cookies Gourmet Oatmeal Raisin Pecan - 8 ct", "cnid": "87", "productId": "158423", "size": "14 oz pkg"},
{"thumb": "http://i4.peapod.com/c/KK/KKNHZ.gif", "price": "399", "unit_price": "$.28/ oz", "name": "The Bake Shop Cookies Gourmet Triple Chocolate - 8 ct", "cnid": "87", "productId": "158424", "size": "14 oz pkg"},
{"thumb": "http://i4.peapod.com/c/KK/KKNHZ.gif", "price": "399", "unit_price": "$.28/ oz", "name": "The Bake Shop Cookies Gourmet White Chocolate Macadamia - 8 ct", "cnid": "87", "productId": "158422", "size": "14 oz pkg"},
{"thumb": "http://i4.peapod.com/c/KK/KKNHZ.gif", "price": "399", "unit_price": "$.25/ oz", "name": "The Bake Shop Cookies Hermit Bar Old Fashioned", "cnid": "87", "productId": "158464", "size": "16 oz pkg"},
{"thumb": "http://i4.peapod.com/c/KK/KKNHZ.gif", "price": "399", "unit_price": "$.20/ oz", "name": "The Bake Shop Cookies Oatmeal Raisin - 20 ct", "cnid": "87", "productId": "116157", "size": "20 oz pkg"},
{"thumb": "http://i4.peapod.com/c/KK/KKNHZ.gif", "price": "399", "unit_price": "$.20/ oz", "name": "The Bake Shop Cookies Peanut Butter - 20 ct", "cnid": "87", "productId": "185828", "size": "20 oz pkg"},
{"thumb": "http://i4.peapod.com/c/KK/KKNHZ.gif", "price": "399", "unit_price": "$.20/ oz", "name": "The Bake Shop Cookies Sugar - 20 ct", "cnid": "87", "productId": "116158", "size": "20 oz pkg"},
{"thumb": "http://i4.peapod.com/c/KK/KKNHZ.gif", "price": "499", "unit_price": "$.25/ oz", "name": "The Bake Shop Cream Cake Banana Nut Half Ring", "cnid": "87", "productId": "154183", "size": "20 oz pkg"},
{"thumb": "http://i4.peapod.com/c/KK/KKNHZ.gif", "price": "499", "unit_price": "$.25/ oz", "name": "The Bake Shop Cream Cake Blueberry Half Ring", "cnid": "87", "productId": "154188", "size": "20 oz pkg"},
{"thumb": "http://i4.peapod.com/c/KK/KKNHZ.gif", "price": "499", "unit_price": "$.25/ oz", "name": "The Bake Shop Cream Cake Lemon Half Ring", "cnid": "87", "productId": "154187", "size": "20 oz pkg"},
{"thumb": "http://i4.peapod.com/c/KK/KKNHZ.gif", "price": "499", "unit_price": "$.25/ oz", "name": "The Bake Shop Cream Cake Orange Pineapple Half Ring", "cnid": "87", "productId": "154185", "size": "20 oz pkg"},
{"thumb": "http://i4.peapod.com/c/KK/KKNHZ.gif", "price": "499", "unit_price": "$.25/ oz", "name": "The Bake Shop Cream Cake Rocky Road Half Ring", "cnid": "87", "productId": "154186", "size": "20 oz pkg"},
{"thumb": "http://i4.peapod.com/c/KK/KKNHZ.gif", "price": "399", "unit_price": "$.36/ oz", "name": "The Bake Shop Croissants - 4 ct", "cnid": "87", "productId": "117733", "size": "11 oz pkg"},
{"thumb": "http://i4.peapod.com/c/KK/KKNHZ.gif", "price": "399", "unit_price": "$.33/ oz", "name": "The Bake Shop Croissants Mini - 20 ct", "cnid": "87", "productId": "139249", "size": "12 oz bag"},
{"thumb": "http://i4.peapod.com/c/KK/KKNHZ.gif", "price": "329", "unit_price": "$.30/ oz", "name": "The Bake Shop Crumpets Original - 6 ct", "cnid": "87", "productId": "186861", "size": "11 oz pkg"},
{"thumb": "http://i4.peapod.com/c/KK/KKNHZ.gif", "price": "349", "unit_price": "$.35/ oz", "name": "The Bake Shop Cupcakes Chocolate - 6 ct", "cnid": "87", "productId": "116149", "size": "10 oz pkg"},
{"thumb": "http://i4.peapod.com/c/KK/KKNHZ.gif", "price": "349", "unit_price": "$.35/ oz", "name": "The Bake Shop Cupcakes Chocolate Mini (Frosting Colors May Vary) - 12 ct", "cnid": "87", "productId": "116151", "size": "10 oz pkg"},
{"thumb": "http://i4.peapod.com/c/KK/KKNHZ.gif", "price": "349", "unit_price": "$.35/ oz", "name": "The Bake Shop Cupcakes Golden Mini (Frosting Colors May Vary) - 12 ct", "cnid": "87", "productId": "116152", "size": "10 oz pkg"},
{"thumb": "http://i4.peapod.com/c/KK/KKNHZ.gif", "price": "349", "unit_price": "$.35/ oz", "name": "The Bake Shop Cupcakes Yellow Iced - 6 ct", "cnid": "87", "productId": "116150", "size": "10 oz pkg"},
{"thumb": "http://i4.peapod.com/c/KK/KKNHZ.gif", "price": "449", "unit_price": "$.28/ oz", "name": "The Bake Shop Danish Ring Cheese", "cnid": "87", "productId": "154176", "size": "16 oz pkg"},
{"thumb": "http://i4.peapod.com/c/KK/KKNHZ.gif", "price": "449", "unit_price": "$.28/ oz", "name": "The Bake Shop Danish Ring Pecan Nut", "cnid": "87", "productId": "158452", "size": "16 oz pkg"},
{"thumb": "http://i4.peapod.com/c/KK/KKNHZ.gif", "price": "449", "unit_price": "$.28/ oz", "name": "The Bake Shop Danish Ring Raspberry", "cnid": "87", "productId": "154177", "size": "16 oz pkg"},
{"thumb": "http://i4.peapod.com/c/KK/KKNHZ.gif", "price": "229", "unit_price": "$.38/ ea", "name": "The Bake Shop Dessert Shells Shortcake", "cnid": "87", "productId": "186872", "size": "6 ct pkg"},
{"thumb": "http://i4.peapod.com/c/KK/KKNHZ.gif", "price": "499", "unit_price": "$.26/ oz", "name": "The Bake Shop Donuts Apple Fritter - 4 ct", "cnid": "87", "productId": "154175", "size": "19 oz pkg"},
{"thumb": "http://i4.peapod.com/c/KK/KKNHZ.gif", "price": "299", "unit_price": "$.25/ ea", "name": "The Bake Shop Donuts Glazed", "cnid": "87", "productId": "139250", "size": "12 ct pkg"},
{"thumb": "http://i4.peapod.com/c/KK/KKNHZ.gif", "price": "399", "unit_price": "$.22/ oz", "name": "The Bake Shop Donuts Mini Cinnamon Sugar", "cnid": "87", "productId": "158426", "size": "18 oz tub"},
{"thumb": "http://i4.peapod.com/c/KK/KKNHZ.gif", "price": "349", "unit_price": "$.29/ oz", "name": "The Bake Shop Eclairs - 4 ct", "cnid": "87", "productId": "90509", "size": "12 oz pkg"},
{"thumb": "http://i4.peapod.com/c/KK/KKNHZ.gif", "price": "349", "unit_price": "$.36/ oz", "name": "The Bake Shop Eclairs Mini", "cnid": "87", "productId": "125938", "size": "9.7 oz pkg"},
{"thumb": "http://i4.peapod.com/c/KK/KKNHZ.gif", "price": "1599", "unit_price": "$.67/ oz", "name": "The Bake Shop Fruit Tart 9 Inch", "cnid": "87", "productId": "178190", "size": "24 oz pkg"},
{"thumb": "http://i4.peapod.com/c/KK/KKNHZ.gif", "price": "499", "unit_price": "$.28/ oz", "name": "The Bake Shop Homestyle Scones Lemon Cranberry", "cnid": "87", "productId": "154174", "size": "18 oz pkg"},
{"thumb": "http://i4.peapod.com/c/KK/KKNHZ.gif", "price": "499", "unit_price": "$.28/ oz", "name": "The Bake Shop Homestyle Scones Raisin", "cnid": "87", "productId": "154173", "size": "18 oz pkg"},
{"thumb": "http://i4.peapod.com/c/KK/KKNHZ.gif", "price": "299", "unit_price": "$.33/ oz", "name": "The Bake Shop JR Jelly Roll Chocolate Swiss Small - 4 ct", "cnid": "87", "productId": "158457", "size": "9 oz pkg"},
{"thumb": "http://i4.peapod.com/c/KK/KKNHZ.gif", "price": "299", "unit_price": "$.33/ oz", "name": "The Bake Shop JR Jelly Roll Strawberry Small - 4 ct", "cnid": "87", "productId": "158455", "size": "9 oz pkg"},
{"thumb": "http://i4.peapod.com/c/KK/KKNHZ.gif", "price": "299", "unit_price": "$1.00/ oz", "name": "The Bake Shop Lady Fingers - 12 ct", "cnid": "87", "productId": "134214", "size": "3 oz pkg"},
{"thumb": "http://i4.peapod.com/c/KK/KKNHZ.gif", "price": "399", "unit_price": "$.25/ oz", "name": "The Bake Shop Loaf Cake Danish Butter Sliced", "cnid": "87", "productId": "158420", "size": "16 oz pkg"},
{"thumb": "http://i4.peapod.com/c/KK/KKNHZ.gif", "price": "399", "unit_price": "$.25/ oz", "name": "The Bake Shop Loaf Cake Marble Sliced", "cnid": "87", "productId": "158421", "size": "16 oz pkg"},
{"thumb": "http://i4.peapod.com/c/KK/KKNHZ.gif", "price": "399", "unit_price": "$.31/ oz", "name": "The Bake Shop Mini Cookies Chocolate Chip", "cnid": "87", "productId": "131001", "size": "13 oz tub"},
{"thumb": "http://i4.peapod.com/c/KK/KKNHZ.gif", "price": "499", "unit_price": "$.62/ oz", "name": "The Bake Shop Mini Linzer Tarts", "cnid": "87", "productId": "131004", "size": "8 oz tub"},
{"thumb": "http://i4.peapod.com/c/KK/KKNHZ.gif", "price": "499", "unit_price": "$.31/ oz", "name": "The Bake Shop Petite Brownie Bites", "cnid": "87", "productId": "125954", "size": "16 oz pkg"},
{"thumb": "http://i4.peapod.com/c/KK/KKNHZ.gif", "price": "329", "unit_price": "$.27/ oz", "name": "The Bake Shop Pie Apple 1/2 Pie", "cnid": "87", "productId": "61433", "size": "12 oz pkg"},
{"thumb": "http://i4.peapod.com/c/KK/KKNHZ.gif", "price": "499", "unit_price": "$.21/ oz", "name": "The Bake Shop Pie Apple 8 Inch", "cnid": "87", "productId": "87449", "size": "24 oz pkg"},
{"thumb": "http://i4.peapod.com/c/KK/KKNHZ.gif", "price": "329", "unit_price": "$.29/ oz", "name": "The Bake Shop Pie Apple No Sugar Added 1/2 Pie", "cnid": "87", "productId": "125950", "size": "11.5 oz pkg"},
{"thumb": "http://i4.peapod.com/c/KK/KKNHZ.gif", "price": "599", "unit_price": "$.26/ oz", "name": "The Bake Shop Pie Apple No Sugar Added 8 Inch", "cnid": "87", "productId": "57013", "size": "23 oz pkg"},
{"thumb": "http://i4.peapod.com/c/KK/KKNHZ.gif", "price": "199", "unit_price": "$1.99/ ea", "name": "The Bake Shop Pie Apple Slice", "cnid": "87", "productId": "186884", "size": "1 ea"},
{"thumb": "http://i4.peapod.com/c/KK/KKNHZ.gif", "price": "379", "unit_price": "$.32/ oz", "name": "The Bake Shop Pie Blueberry 1/2 Pie", "cnid": "87", "productId": "61426", "size": "12 oz pkg"},
{"thumb": "http://i4.peapod.com/c/KK/KKNHZ.gif", "price": "599", "unit_price": "$.25/ oz", "name": "The Bake Shop Pie Blueberry 8 Inch", "cnid": "87", "productId": "158465", "size": "24 oz pkg"},
{"thumb": "http://i4.peapod.com/c/KK/KKNHZ.gif", "price": "379", "unit_price": "$.33/ oz", "name": "The Bake Shop Pie Blueberry No Sugar Added 1/2 Pie", "cnid": "87", "productId": "140389", "size": "11.5 oz pkg"},
{"thumb": "http://i4.peapod.com/c/KK/KKNHZ.gif", "price": "599", "unit_price": "$.26/ oz", "name": "The Bake Shop Pie Blueberry No Sugar Added 8 Inch", "cnid": "87", "productId": "87443", "size": "23 oz pkg"},
{"thumb": "http://i4.peapod.com/c/KK/KKNHZ.gif", "price": "199", "unit_price": "$1.99/ ea", "name": "The Bake Shop Pie Blueberry Slice", "cnid": "87", "productId": "186885", "size": "1 ea"},
{"thumb": "http://i4.peapod.com/c/KK/KKNHZ.gif", "price": "199", "unit_price": "$1.99/ ea", "name": "The Bake Shop Pie Cherry Slice", "cnid": "87", "productId": "186886", "size": "1 ea"},
{"thumb": "http://i4.peapod.com/c/KK/KKNHZ.gif", "price": "999", "unit_price": "$.28/ oz", "name": "The Bake Shop Pie Chocolate Cream 8 Inch", "cnid": "87", "productId": "131084", "size": "36 oz pkg"},
{"thumb": "http://i4.peapod.com/c/KK/KKNHZ.gif", "price": "499", "unit_price": "$.23/ oz", "name": "The Bake Shop Pie Coconut Custard 8 Inch", "cnid": "87", "productId": "158467", "size": "22 oz pkg"},
{"thumb": "http://i4.peapod.com/c/KK/KKNHZ.gif", "price": "329", "unit_price": "$.27/ oz", "name": "The Bake Shop Pie Dutch Apple 1/2 Pie", "cnid": "87", "productId": "158419", "size": "12 oz pkg"},
{"thumb": "http://i4.peapod.com/c/KK/KKNHZ.gif", "price": "499", "unit_price": "$.21/ oz", "name": "The Bake Shop Pie Dutch Apple 8 Inch", "cnid": "87", "productId": "57002", "size": "24 oz pkg"},
{"thumb": "http://i4.peapod.com/c/KK/KKNHZ.gif", "price": "499", "unit_price": "$.23/ oz", "name": "The Bake Shop Pie Egg Custard 8 Inch", "cnid": "87", "productId": "158468", "size": "22 oz pkg"},
{"thumb": "http://i4.peapod.com/c/KK/KKNHZ.gif", "price": "499", "unit_price": "$.23/ oz", "name": "The Bake Shop Pie Lemon Crunch 8 Inch", "cnid": "87", "productId": "158469", "size": "22 oz pkg"},
{"thumb": "http://i4.peapod.com/c/KK/KKNHZ.gif", "price": "699", "unit_price": "$.24/ oz", "name": "The Bake Shop Pie Lemon Meringue 8 Inch", "cnid": "87", "productId": "57344", "size": "29 oz pkg"},
{"thumb": "http://i4.peapod.com/c/KK/KKNHZ.gif", "price": "329", "unit_price": "$.30/ oz", "name": "The Bake Shop Pie Pumpkin 1/2 Pie", "cnid": "87", "productId": "186882", "size": "11 oz pkg"},
{"thumb": "http://i4.peapod.com/c/KK/KKNHZ.gif", "price": "499", "unit_price": "$.23/ oz", "name": "The Bake Shop Pie Pumpkin 8 Inch", "cnid": "87", "productId": "67798", "size": "22 oz pkg"},
{"thumb": "http://i4.peapod.com/c/KK/KKNHZ.gif", "price": "199", "unit_price": "$1.99/ ea", "name": "The Bake Shop Pie Pumpkin Slice", "cnid": "87", "productId": "186883", "size": "1 ea"},
{"thumb": "http://i4.peapod.com/c/KK/KKNHZ.gif", "price": "329", "unit_price": "$.28/ oz", "name": "The Bake Shop Pie Strawberry Rhubarb 1/2 Pie", "cnid": "87", "productId": "61428", "size": "11.7 oz pkg"},
{"thumb": "http://i4.peapod.com/c/KK/KKNHZ.gif", "price": "499", "unit_price": "$.33/ oz", "name": "The Bake Shop Pie Strawberry Rhubarb 8 Inch", "cnid": "87", "productId": "87454", "size": "26 oz pkg"},
{"thumb": "http://i4.peapod.com/c/KK/KKNHZ.gif", "price": "399", "unit_price": "$.25/ oz", "name": "The Bake Shop Pound Cake Marble", "cnid": "87", "productId": "57375", "size": "16 oz pkg"},
{"thumb": "http://i4.peapod.com/c/KK/KKNHZ.gif", "price": "399", "unit_price": "$.25/ oz", "name": "The Bake Shop Pound Cake Plain", "cnid": "87", "productId": "56279", "size": "16 oz box"},
{"thumb": "http://i4.peapod.com/c/KK/KKNHZ.gif", "price": "499", "unit_price": "$.62/ oz", "name": "The Bake Shop Rugala Raspberry", "cnid": "87", "productId": "140377", "size": "8 oz tub"},
{"thumb": "http://i4.peapod.com/c/KK/KKNHZ.gif", "price": "499", "unit_price": "$.28/ oz", "name": "The Bake Shop Scones Blueberry", "cnid": "87", "productId": "124780", "size": "18 oz pkg"},
{"thumb": "http://i4.peapod.com/c/KK/KKNHZ.gif", "price": "199", "unit_price": "$.33/ oz", "name": "The Bake Shop Squares Fig - 2 ct", "cnid": "87", "productId": "156193", "size": "6 oz pkg"},
{"thumb": "http://i4.peapod.com/c/KK/KKNHZ.gif", "price": "199", "unit_price": "$.33/ oz", "name": "The Bake Shop Squares Raspberry - 2 ct", "cnid": "87", "productId": "156195", "size": "6 oz pkg"},
{"thumb": "http://i4.peapod.com/c/KK/KKNHZ.gif", "price": "449", "unit_price": "$1.12/ ea", "name": "The Bake Shop Turnovers Apple", "cnid": "87", "productId": "117072", "size": "4 ct pkg"},
{"thumb": "http://i4.peapod.com/c/KK/KKNHZ.gif", "price": "449", "unit_price": "$.41/ oz", "name": "The Bake Shop Turnovers Raspberry - 4 ct", "cnid": "87", "productId": "140370", "size": "11 oz pkg"},
{"thumb": "http://i4.peapod.com/c/KK/KKNHZ.gif", "price": "499", "unit_price": "$.36/ oz", "name": "The Bake Shop Whoopie Pies - 4 ct", "cnid": "87", "productId": "154182", "size": "14 oz pkg"},
{"thumb": "http://i4.peapod.com/c/KK/KKNHZ.gif", "price": "349", "unit_price": "$.29/ oz", "name": "Kim's Light Foods Bagels Wheat - 6 ct", "cnid": "86", "productId": "159046", "size": "12 oz pkg"},
{"thumb": "http://i4.peapod.com/c/KK/KKNHZ.gif", "price": "449", "unit_price": "$.21/ oz", "name": "Pepperidge Farm Bagels Cinnamon Raisin - 6 ct", "cnid": "86", "productId": "134188", "size": "21 oz pkg"},
{"thumb": "http://i4.peapod.com/c/KK/KKNHZ.gif", "price": "449", "unit_price": "$.21/ oz", "name": "Pepperidge Farm Bagels Plain - 6 ct", "cnid": "86", "productId": "129380", "size": "21 oz pkg"},
{"thumb": "http://i4.peapod.com/c/KK/KKNHZ.gif", "price": "449", "unit_price": "$.26/ oz", "name": "Pepperidge Farm Bagels Plain Mini - 12 ct", "cnid": "86", "productId": "126967", "size": "17 oz pkg"},
{"thumb": "http://i4.peapod.com/c/KK/KKNHZ.gif", "price": "279", "unit_price": "$.13/ oz", "name": "Stop & Shop Bagels Cinnamon Raisin Pre-Sliced - 6 ct", "cnid": "86", "productId": "64963", "size": "22 oz pkg"},
{"thumb": "http://i4.peapod.com/c/KK/KKNHZ.gif", "price": "279", "unit_price": "$.13/ oz", "name": "Stop & Shop Bagels Everything Pre-Sliced - 6 ct", "cnid": "86", "productId": "159038", "size": "22 oz pkg"},
{"thumb": "http://i4.peapod.com/c/KK/KKNHZ.gif", "price": "269", "unit_price": "$.21/ oz", "name": "Stop & Shop Bagels Everything Thin Pre-Sliced - 8 ct", "cnid": "86", "productId": "175129", "size": "13 oz pkg"},
{"thumb": "http://i4.peapod.com/c/KK/KKNHZ.gif", "price": "279", "unit_price": "$.13/ oz", "name": "Stop & Shop Bagels French Toast Pre-Sliced - 6 ct", "cnid": "86", "productId": "184108", "size": "22 oz pkg"},
{"thumb": "http://i4.peapod.com/c/KK/KKNHZ.gif", "price": "269", "unit_price": "$.21/ oz", "name": "Stop & Shop Bagels Multigrain Thin Pre-Sliced - 8 ct", "cnid": "86", "productId": "175131", "size": "13 oz pkg"},
{"thumb": "http://i4.peapod.com/c/KK/KKNHZ.gif", "price": "279", "unit_price": "$.13/ oz", "name": "Stop & Shop Bagels Onion Pre-Sliced - 6 ct", "cnid": "86", "productId": "64962", "size": "22 oz pkg"},
{"thumb": "http://i4.peapod.com/c/KK/KKNHZ.gif", "price": "279", "unit_price": "$.16/ oz", "name": "Stop & Shop Bagels Plain Mini Pre-Sliced - 12 ct", "cnid": "86", "productId": "184109", "size": "17 oz pkg"},
{"thumb": "http://i4.peapod.com/c/KK/KKNHZ.gif", "price": "279", "unit_price": "$.13/ oz", "name": "Stop & Shop Bagels Plain Pre-Sliced - 6 ct", "cnid": "86", "productId": "64960", "size": "22 oz pkg"},
{"thumb": "http://i4.peapod.com/c/KK/KKNHZ.gif", "price": "269", "unit_price": "$.21/ oz", "name": "Stop & Shop Bagels Plain Thin Pre-Sliced - 8 ct", "cnid": "86", "productId": "175128", "size": "13 oz pkg"},
{"thumb": "http://i4.peapod.com/c/KK/KKNHZ.gif", "price": "279", "unit_price": "$.13/ oz", "name": "Stop & Shop Bagels Whole Wheat Pre-Sliced - 6 ct", "cnid": "86", "productId": "137611", "size": "22 oz pkg"},
{"thumb": "http://i4.peapod.com/c/KK/KKNHZ.gif", "price": "269", "unit_price": "$.21/ oz", "name": "Stop & Shop Bagels Whole Wheat Thin Pre-Sliced - 8 ct", "cnid": "86", "productId": "175130", "size": "13 oz pkg"},
{"thumb": "http://i4.peapod.com/c/KK/KKNHZ.gif", "price": "199", "unit_price": "$.12/ ea", "name": "The Bake Shop Bagel Chunks Plain", "cnid": "86", "productId": "186889", "size": "16 oz pkg"},
{"thumb": "http://i4.peapod.com/c/KK/KKNHZ.gif", "price": "279", "unit_price": "$.70/ ea", "name": "The Bake Shop Bagels Blueberry", "cnid": "86", "productId": "123411", "size": "4 ct pkg"},
{"thumb": "http://i4.peapod.com/c/KK/KKNHZ.gif", "price": "279", "unit_price": "$.70/ ea", "name": "The Bake Shop Bagels Cinnamon Raisin", "cnid": "86", "productId": "123412", "size": "4 ct pkg"},
{"thumb": "http://i4.peapod.com/c/KK/KKNHZ.gif", "price": "279", "unit_price": "$.70/ ea", "name": "The Bake Shop Bagels Egg", "cnid": "86", "productId": "123413", "size": "4 ct pkg"},
{"thumb": "http://i4.peapod.com/c/KK/KKNHZ.gif", "price": "279", "unit_price": "$.70/ ea", "name": "The Bake Shop Bagels Everything", "cnid": "86", "productId": "123418", "size": "4 ct pkg"},
{"thumb": "http://i4.peapod.com/c/KK/KKNHZ.gif", "price": "279", "unit_price": "$.70/ ea", "name": "The Bake Shop Bagels Marble", "cnid": "86", "productId": "123419", "size": "4 ct pkg"},
{"thumb": "http://i4.peapod.com/c/KK/KKNHZ.gif", "price": "279", "unit_price": "$.70/ ea", "name": "The Bake Shop Bagels Onion", "cnid": "86", "productId": "123414", "size": "4 ct pkg"},
{"thumb": "http://i4.peapod.com/c/KK/KKNHZ.gif", "price": "279", "unit_price": "$.70/ ea", "name": "The Bake Shop Bagels Plain", "cnid": "86", "productId": "123415", "size": "4 ct pkg"},
{"thumb": "http://i4.peapod.com/c/KK/KKNHZ.gif", "price": "279", "unit_price": "$.70/ ea", "name": "The Bake Shop Bagels Poppy", "cnid": "86", "productId": "123416", "size": "4 ct pkg"},
{"thumb": "http://i4.peapod.com/c/KK/KKNHZ.gif", "price": "279", "unit_price": "$.70/ ea", "name": "The Bake Shop Bagels Sesame Seed", "cnid": "86", "productId": "123417", "size": "4 ct pkg"},
{"thumb": "http://i4.peapod.com/c/KK/KKNHZ.gif", "price": "399", "unit_price": "$.27/ oz", "name": "Thomas' Bagels 100% Whole Wheat Mini - 12 ct", "cnid": "86", "productId": "138028", "size": "15 oz pkg"},
{"thumb": "http://i4.peapod.com/c/KK/KKNHZ.gif", "price": "469", "unit_price": "$.23/ oz", "name": "Thomas' Bagels Blueberry - 6 ct", "cnid": "86", "productId": "82915", "size": "20 oz pkg"},
{"thumb": "http://i4.peapod.com/c/KK/KKNHZ.gif", "price": "469", "unit_price": "$.23/ oz", "name": "Thomas' Bagels Cinnamon Raisin - 6 ct", "cnid": "86", "productId": "74896", "size": "20 oz pkg"},
{"thumb": "http://i4.peapod.com/c/KK/KKNHZ.gif", "price": "399", "unit_price": "$.27/ oz", "name": "Thomas' Bagels Cinnamon Raisin Mini - 10 ct", "cnid": "86", "productId": "138029", "size": "15 oz pkg"},
{"thumb": "http://i4.peapod.com/c/KK/KKNHZ.gif", "price": "469", "unit_price": "$.23/ oz", "name": "Thomas' Bagels Everything - 6 ct", "cnid": "86", "productId": "86110", "size": "20 oz pkg"},
{"thumb": "http://i4.peapod.com/c/KK/KKNHZ.gif", "price": "469", "unit_price": "$.23/ oz", "name": "Thomas' Bagels Onion - 6 ct", "cnid": "86", "productId": "82916", "size": "20 oz pkg"},
{"thumb": "http://i4.peapod.com/c/KK/KKNHZ.gif", "price": "469", "unit_price": "$.23/ oz", "name": "Thomas' Bagels Plain - 6 ct", "cnid": "86", "productId": "74897", "size": "20 oz pkg"},
{"thumb": "http://i4.peapod.com/c/KK/KKNHZ.gif", "price": "399", "unit_price": "$.27/ oz", "name": "Thomas' Bagels Plain Mini - 10 ct", "cnid": "86", "productId": "132801", "size": "15 oz pkg"},
{"thumb": "http://i4.peapod.com/c/KK/KKNHZ.gif", "price": "399", "unit_price": "$.27/ oz", "name": "Thomas' Bagels Whole Grain Mini - 10 ct", "cnid": "86", "productId": "143925", "size": "15 oz pkg"},
{"thumb": "http://i4.peapod.com/c/KK/KKNHZ.gif", "price": "399", "unit_price": "$.31/ oz", "name": "Thomas' Bagel Thins 100% Whole Wheat Pre-Sliced - 8 ct", "cnid": "86", "productId": "157473", "size": "13 oz pkg"},
{"thumb": "http://i4.peapod.com/c/KK/KKNHZ.gif", "price": "399", "unit_price": "$.31/ oz", "name": "Thomas' Bagel Thins Everything Pre-Sliced - 8 ct", "cnid": "86", "productId": "158120", "size": "13 oz pkg"},
{"thumb": "http://i4.peapod.com/c/KK/KKNHZ.gif", "price": "399", "unit_price": "$.31/ oz", "name": "Thomas' Bagel Thins Plain Pre-Sliced - 8 ct", "cnid": "86", "productId": "157474", "size": "13 oz pkg"},
{"thumb": "http://i4.peapod.com/c/KK/KKNHZ.gif", "price": "469", "unit_price": "$.21/ oz", "name": "Thomas' Hearty Grains Bagels 100% Whole Wheat - 6 ct", "cnid": "86", "productId": "128634", "size": "22 oz pkg"},
{"thumb": "http://i4.peapod.com/c/KK/KKNHZ.gif", "price": "469", "unit_price": "$.21/ oz", "name": "Thomas' Hearty Grains Bagels Oatmeal & Honey - 6 ct", "cnid": "86", "productId": "145290", "size": "22 oz pkg"},
{"thumb": "http://i4.peapod.com/c/KK/KKNHZ.gif", "price": "459", "unit_price": "$.31/ oz", "name": "Weight Watchers Bagels Original - 6 ct", "cnid": "86", "productId": "136708", "size": "15 oz pkg"},
{"thumb": "http://i4.peapod.com/c/KK/KKNHZ.gif", "price": "349", "unit_price": "$.29/ oz", "name": "Kim's Light Foods Bagels Wheat - 6 ct", "cnid": "50539480", "productId": "159046", "size": "12 oz pkg"},
{"thumb": "http://i4.peapod.com/c/KK/KKNHZ.gif", "price": "449", "unit_price": "$.21/ oz", "name": "Pepperidge Farm Bagels Cinnamon Raisin - 6 ct", "cnid": "50539480", "productId": "134188", "size": "21 oz pkg"},
{"thumb": "http://i4.peapod.com/c/KK/KKNHZ.gif", "price": "449", "unit_price": "$.21/ oz", "name": "Pepperidge Farm Bagels Plain - 6 ct", "cnid": "50539480", "productId": "129380", "size": "21 oz pkg"},
{"thumb": "http://i4.peapod.com/c/KK/KKNHZ.gif", "price": "449", "unit_price": "$.26/ oz", "name": "Pepperidge Farm Bagels Plain Mini - 12 ct", "cnid": "50539480", "productId": "126967", "size": "17 oz pkg"},
{"thumb": "http://i4.peapod.com/c/KK/KKNHZ.gif", "price": "279", "unit_price": "$.13/ oz", "name": "Stop & Shop Bagels Cinnamon Raisin Pre-Sliced - 6 ct", "cnid": "50539480", "productId": "64963", "size": "22 oz pkg"},
{"thumb": "http://i4.peapod.com/c/KK/KKNHZ.gif", "price": "279", "unit_price": "$.13/ oz", "name": "Stop & Shop Bagels Everything Pre-Sliced - 6 ct", "cnid": "50539480", "productId": "159038", "size": "22 oz pkg"},
{"thumb": "http://i4.peapod.com/c/KK/KKNHZ.gif", "price": "269", "unit_price": "$.21/ oz", "name": "Stop & Shop Bagels Everything Thin Pre-Sliced - 8 ct", "cnid": "50539480", "productId": "175129", "size": "13 oz pkg"},
{"thumb": "http://i4.peapod.com/c/KK/KKNHZ.gif", "price": "279", "unit_price": "$.13/ oz", "name": "Stop & Shop Bagels French Toast Pre-Sliced - 6 ct", "cnid": "50539480", "productId": "184108", "size": "22 oz pkg"},
{"thumb": "http://i4.peapod.com/c/KK/KKNHZ.gif", "price": "269", "unit_price": "$.21/ oz", "name": "Stop & Shop Bagels Multigrain Thin Pre-Sliced - 8 ct", "cnid": "50539480", "productId": "175131", "size": "13 oz pkg"},
{"thumb": "http://i4.peapod.com/c/KK/KKNHZ.gif", "price": "279", "unit_price": "$.13/ oz", "name": "Stop & Shop Bagels Onion Pre-Sliced - 6 ct", "cnid": "50539480", "productId": "64962", "size": "22 oz pkg"},
{"thumb": "http://i4.peapod.com/c/KK/KKNHZ.gif", "price": "279", "unit_price": "$.16/ oz", "name": "Stop & Shop Bagels Plain Mini Pre-Sliced - 12 ct", "cnid": "50539480", "productId": "184109", "size": "17 oz pkg"},
{"thumb": "http://i4.peapod.com/c/KK/KKNHZ.gif", "price": "279", "unit_price": "$.13/ oz", "name": "Stop & Shop Bagels Plain Pre-Sliced - 6 ct", "cnid": "50539480", "productId": "64960", "size": "22 oz pkg"},
{"thumb": "http://i4.peapod.com/c/KK/KKNHZ.gif", "price": "269", "unit_price": "$.21/ oz", "name": "Stop & Shop Bagels Plain Thin Pre-Sliced - 8 ct", "cnid": "50539480", "productId": "175128", "size": "13 oz pkg"},
{"thumb": "http://i4.peapod.com/c/KK/KKNHZ.gif", "price": "279", "unit_price": "$.13/ oz", "name": "Stop & Shop Bagels Whole Wheat Pre-Sliced - 6 ct", "cnid": "50539480", "productId": "137611", "size": "22 oz pkg"},
{"thumb": "http://i4.peapod.com/c/KK/KKNHZ.gif", "price": "269", "unit_price": "$.21/ oz", "name": "Stop & Shop Bagels Whole Wheat Thin Pre-Sliced - 8 ct", "cnid": "50539480", "productId": "175130", "size": "13 oz pkg"},
{"thumb": "http://i4.peapod.com/c/KK/KKNHZ.gif", "price": "199", "unit_price": "$.12/ ea", "name": "The Bake Shop Bagel Chunks Plain", "cnid": "50539480", "productId": "186889", "size": "16 oz pkg"},
{"thumb": "http://i4.peapod.com/c/KK/KKNHZ.gif", "price": "279", "unit_price": "$.70/ ea", "name": "The Bake Shop Bagels Blueberry", "cnid": "50539480", "productId": "123411", "size": "4 ct pkg"},
{"thumb": "http://i4.peapod.com/c/KK/KKNHZ.gif", "price": "279", "unit_price": "$.70/ ea", "name": "The Bake Shop Bagels Cinnamon Raisin", "cnid": "50539480", "productId": "123412", "size": "4 ct pkg"},
{"thumb": "http://i4.peapod.com/c/KK/KKNHZ.gif", "price": "279", "unit_price": "$.70/ ea", "name": "The Bake Shop Bagels Egg", "cnid": "50539480", "productId": "123413", "size": "4 ct pkg"},
{"thumb": "http://i4.peapod.com/c/KK/KKNHZ.gif", "price": "279", "unit_price": "$.70/ ea", "name": "The Bake Shop Bagels Everything", "cnid": "50539480", "productId": "123418", "size": "4 ct pkg"},
{"thumb": "http://i4.peapod.com/c/KK/KKNHZ.gif", "price": "279", "unit_price": "$.70/ ea", "name": "The Bake Shop Bagels Marble", "cnid": "50539480", "productId": "123419", "size": "4 ct pkg"},
{"thumb": "http://i4.peapod.com/c/KK/KKNHZ.gif", "price": "279", "unit_price": "$.70/ ea", "name": "The Bake Shop Bagels Onion", "cnid": "50539480", "productId": "123414", "size": "4 ct pkg"},
{"thumb": "http://i4.peapod.com/c/KK/KKNHZ.gif", "price": "279", "unit_price": "$.70/ ea", "name": "The Bake Shop Bagels Plain", "cnid": "50539480", "productId": "123415", "size": "4 ct pkg"},
{"thumb": "http://i4.peapod.com/c/KK/KKNHZ.gif", "price": "279", "unit_price": "$.70/ ea", "name": "The Bake Shop Bagels Poppy", "cnid": "50539480", "productId": "123416", "size": "4 ct pkg"},
{"thumb": "http://i4.peapod.com/c/KK/KKNHZ.gif", "price": "279", "unit_price": "$.70/ ea", "name": "The Bake Shop Bagels Sesame Seed", "cnid": "50539480", "productId": "123417", "size": "4 ct pkg"},
{"thumb": "http://i4.peapod.com/c/KK/KKNHZ.gif", "price": "399", "unit_price": "$.27/ oz", "name": "Thomas' Bagels 100% Whole Wheat Mini - 12 ct", "cnid": "50539480", "productId": "138028", "size": "15 oz pkg"},
{"thumb": "http://i4.peapod.com/c/KK/KKNHZ.gif", "price": "469", "unit_price": "$.23/ oz", "name": "Thomas' Bagels Blueberry - 6 ct", "cnid": "50539480", "productId": "82915", "size": "20 oz pkg"},
{"thumb": "http://i4.peapod.com/c/KK/KKNHZ.gif", "price": "469", "unit_price": "$.23/ oz", "name": "Thomas' Bagels Cinnamon Raisin - 6 ct", "cnid": "50539480", "productId": "74896", "size": "20 oz pkg"},
{"thumb": "http://i4.peapod.com/c/KK/KKNHZ.gif", "price": "399", "unit_price": "$.27/ oz", "name": "Thomas' Bagels Cinnamon Raisin Mini - 10 ct", "cnid": "50539480", "productId": "138029", "size": "15 oz pkg"},
{"thumb": "http://i4.peapod.com/c/KK/KKNHZ.gif", "price": "469", "unit_price": "$.23/ oz", "name": "Thomas' Bagels Everything - 6 ct", "cnid": "50539480", "productId": "86110", "size": "20 oz pkg"},
{"thumb": "http://i4.peapod.com/c/KK/KKNHZ.gif", "price": "469", "unit_price": "$.23/ oz", "name": "Thomas' Bagels Onion - 6 ct", "cnid": "50539480", "productId": "82916", "size": "20 oz pkg"},
{"thumb": "http://i4.peapod.com/c/KK/KKNHZ.gif", "price": "469", "unit_price": "$.23/ oz", "name": "Thomas' Bagels Plain - 6 ct", "cnid": "50539480", "productId": "74897", "size": "20 oz pkg"},
{"thumb": "http://i4.peapod.com/c/KK/KKNHZ.gif", "price": "399", "unit_price": "$.27/ oz", "name": "Thomas' Bagels Plain Mini - 10 ct", "cnid": "50539480", "productId": "132801", "size": "15 oz pkg"},
{"thumb": "http://i4.peapod.com/c/KK/KKNHZ.gif", "price": "399", "unit_price": "$.27/ oz", "name": "Thomas' Bagels Whole Grain Mini - 10 ct", "cnid": "50539480", "productId": "143925", "size": "15 oz pkg"},
{"thumb": "http://i4.peapod.com/c/KK/KKNHZ.gif", "price": "399", "unit_price": "$.31/ oz", "name": "Thomas' Bagel Thins 100% Whole Wheat Pre-Sliced - 8 ct", "cnid": "50539480", "productId": "157473", "size": "13 oz pkg"},
{"thumb": "http://i4.peapod.com/c/KK/KKNHZ.gif", "price": "399", "unit_price": "$.31/ oz", "name": "Thomas' Bagel Thins Everything Pre-Sliced - 8 ct", "cnid": "50539480", "productId": "158120", "size": "13 oz pkg"},
{"thumb": "http://i4.peapod.com/c/KK/KKNHZ.gif", "price": "399", "unit_price": "$.31/ oz", "name": "Thomas' Bagel Thins Plain Pre-Sliced - 8 ct", "cnid": "50539480", "productId": "157474", "size": "13 oz pkg"},
{"thumb": "http://i4.peapod.com/c/KK/KKNHZ.gif", "price": "469", "unit_price": "$.21/ oz", "name": "Thomas' Hearty Grains Bagels 100% Whole Wheat - 6 ct", "cnid": "50539480", "productId": "128634", "size": "22 oz pkg"},
{"thumb": "http://i4.peapod.com/c/KK/KKNHZ.gif", "price": "469", "unit_price": "$.21/ oz", "name": "Thomas' Hearty Grains Bagels Oatmeal & Honey - 6 ct", "cnid": "50539480", "productId": "145290", "size": "22 oz pkg"},
{"thumb": "http://i4.peapod.com/c/KK/KKNHZ.gif", "price": "459", "unit_price": "$.31/ oz", "name": "Weight Watchers Bagels Original - 6 ct", "cnid": "50539480", "productId": "136708", "size": "15 oz pkg"},
{"thumb": "http://i4.peapod.com/c/KK/KKNHZ.gif", "price": "349", "unit_price": "$.29/ oz", "name": "Kim's Light Foods Bagels Wheat - 6 ct", "cnid": "48539454", "productId": "159046", "size": "12 oz pkg"},
{"thumb": "http://i4.peapod.com/c/KK/KKNHZ.gif", "price": "449", "unit_price": "$.21/ oz", "name": "Pepperidge Farm Bagels Cinnamon Raisin - 6 ct", "cnid": "48539454", "productId": "134188", "size": "21 oz pkg"},
{"thumb": "http://i4.peapod.com/c/KK/KKNHZ.gif", "price": "449", "unit_price": "$.21/ oz", "name": "Pepperidge Farm Bagels Plain - 6 ct", "cnid": "48539454", "productId": "129380", "size": "21 oz pkg"},
{"thumb": "http://i4.peapod.com/c/KK/KKNHZ.gif", "price": "449", "unit_price": "$.26/ oz", "name": "Pepperidge Farm Bagels Plain Mini - 12 ct", "cnid": "48539454", "productId": "126967", "size": "17 oz pkg"},
{"thumb": "http://i4.peapod.com/c/KK/KKNHZ.gif", "price": "279", "unit_price": "$.13/ oz", "name": "Stop & Shop Bagels Cinnamon Raisin Pre-Sliced - 6 ct", "cnid": "48539454", "productId": "64963", "size": "22 oz pkg"},
{"thumb": "http://i4.peapod.com/c/KK/KKNHZ.gif", "price": "279", "unit_price": "$.13/ oz", "name": "Stop & Shop Bagels Everything Pre-Sliced - 6 ct", "cnid": "48539454", "productId": "159038", "size": "22 oz pkg"},
{"thumb": "http://i4.peapod.com/c/KK/KKNHZ.gif", "price": "269", "unit_price": "$.21/ oz", "name": "Stop & Shop Bagels Everything Thin Pre-Sliced - 8 ct", "cnid": "48539454", "productId": "175129", "size": "13 oz pkg"},
{"thumb": "http://i4.peapod.com/c/KK/KKNHZ.gif", "price": "279", "unit_price": "$.13/ oz", "name": "Stop & Shop Bagels French Toast Pre-Sliced - 6 ct", "cnid": "48539454", "productId": "184108", "size": "22 oz pkg"},
{"thumb": "http://i4.peapod.com/c/KK/KKNHZ.gif", "price": "269", "unit_price": "$.21/ oz", "name": "Stop & Shop Bagels Multigrain Thin Pre-Sliced - 8 ct", "cnid": "48539454", "productId": "175131", "size": "13 oz pkg"},
{"thumb": "http://i4.peapod.com/c/KK/KKNHZ.gif", "price": "279", "unit_price": "$.13/ oz", "name": "Stop & Shop Bagels Onion Pre-Sliced - 6 ct", "cnid": "48539454", "productId": "64962", "size": "22 oz pkg"},
{"thumb": "http://i4.peapod.com/c/KK/KKNHZ.gif", "price": "279", "unit_price": "$.16/ oz", "name": "Stop & Shop Bagels Plain Mini Pre-Sliced - 12 ct", "cnid": "48539454", "productId": "184109", "size": "17 oz pkg"},
{"thumb": "http://i4.peapod.com/c/KK/KKNHZ.gif", "price": "279", "unit_price": "$.13/ oz", "name": "Stop & Shop Bagels Plain Pre-Sliced - 6 ct", "cnid": "48539454", "productId": "64960", "size": "22 oz pkg"},
{"thumb": "http://i4.peapod.com/c/KK/KKNHZ.gif", "price": "269", "unit_price": "$.21/ oz", "name": "Stop & Shop Bagels Plain Thin Pre-Sliced - 8 ct", "cnid": "48539454", "productId": "175128", "size": "13 oz pkg"},
{"thumb": "http://i4.peapod.com/c/KK/KKNHZ.gif", "price": "279", "unit_price": "$.13/ oz", "name": "Stop & Shop Bagels Whole Wheat Pre-Sliced - 6 ct", "cnid": "48539454", "productId": "137611", "size": "22 oz pkg"},
{"thumb": "http://i4.peapod.com/c/KK/KKNHZ.gif", "price": "269", "unit_price": "$.21/ oz", "name": "Stop & Shop Bagels Whole Wheat Thin Pre-Sliced - 8 ct", "cnid": "48539454", "productId": "175130", "size": "13 oz pkg"},
{"thumb": "http://i4.peapod.com/c/KK/KKNHZ.gif", "price": "199", "unit_price": "$.12/ ea", "name": "The Bake Shop Bagel Chunks Plain", "cnid": "48539454", "productId": "186889", "size": "16 oz pkg"},
{"thumb": "http://i4.peapod.com/c/KK/KKNHZ.gif", "price": "279", "unit_price": "$.70/ ea", "name": "The Bake Shop Bagels Blueberry", "cnid": "48539454", "productId": "123411", "size": "4 ct pkg"},
{"thumb": "http://i4.peapod.com/c/KK/KKNHZ.gif", "price": "279", "unit_price": "$.70/ ea", "name": "The Bake Shop Bagels Cinnamon Raisin", "cnid": "48539454", "productId": "123412", "size": "4 ct pkg"},
{"thumb": "http://i4.peapod.com/c/KK/KKNHZ.gif", "price": "279", "unit_price": "$.70/ ea", "name": "The Bake Shop Bagels Egg", "cnid": "48539454", "productId": "123413", "size": "4 ct pkg"},
{"thumb": "http://i4.peapod.com/c/KK/KKNHZ.gif", "price": "279", "unit_price": "$.70/ ea", "name": "The Bake Shop Bagels Everything", "cnid": "48539454", "productId": "123418", "size": "4 ct pkg"},
{"thumb": "http://i4.peapod.com/c/KK/KKNHZ.gif", "price": "279", "unit_price": "$.70/ ea", "name": "The Bake Shop Bagels Marble", "cnid": "48539454", "productId": "123419", "size": "4 ct pkg"},
{"thumb": "http://i4.peapod.com/c/KK/KKNHZ.gif", "price": "279", "unit_price": "$.70/ ea", "name": "The Bake Shop Bagels Onion", "cnid": "48539454", "productId": "123414", "size": "4 ct pkg"},
{"thumb": "http://i4.peapod.com/c/KK/KKNHZ.gif", "price": "279", "unit_price": "$.70/ ea", "name": "The Bake Shop Bagels Plain", "cnid": "48539454", "productId": "123415", "size": "4 ct pkg"},
{"thumb": "http://i4.peapod.com/c/KK/KKNHZ.gif", "price": "279", "unit_price": "$.70/ ea", "name": "The Bake Shop Bagels Poppy", "cnid": "48539454", "productId": "123416", "size": "4 ct pkg"},
{"thumb": "http://i4.peapod.com/c/KK/KKNHZ.gif", "price": "279", "unit_price": "$.70/ ea", "name": "The Bake Shop Bagels Sesame Seed", "cnid": "48539454", "productId": "123417", "size": "4 ct pkg"},
{"thumb": "http://i4.peapod.com/c/KK/KKNHZ.gif", "price": "399", "unit_price": "$.27/ oz", "name": "Thomas' Bagels 100% Whole Wheat Mini - 12 ct", "cnid": "48539454", "productId": "138028", "size": "15 oz pkg"},
{"thumb": "http://i4.peapod.com/c/KK/KKNHZ.gif", "price": "469", "unit_price": "$.23/ oz", "name": "Thomas' Bagels Blueberry - 6 ct", "cnid": "48539454", "productId": "82915", "size": "20 oz pkg"},
{"thumb": "http://i4.peapod.com/c/KK/KKNHZ.gif", "price": "469", "unit_price": "$.23/ oz", "name": "Thomas' Bagels Cinnamon Raisin - 6 ct", "cnid": "48539454", "productId": "74896", "size": "20 oz pkg"},
{"thumb": "http://i4.peapod.com/c/KK/KKNHZ.gif", "price": "399", "unit_price": "$.27/ oz", "name": "Thomas' Bagels Cinnamon Raisin Mini - 10 ct", "cnid": "48539454", "productId": "138029", "size": "15 oz pkg"},
{"thumb": "http://i4.peapod.com/c/KK/KKNHZ.gif", "price": "469", "unit_price": "$.23/ oz", "name": "Thomas' Bagels Everything - 6 ct", "cnid": "48539454", "productId": "86110", "size": "20 oz pkg"},
{"thumb": "http://i4.peapod.com/c/KK/KKNHZ.gif", "price": "469", "unit_price": "$.23/ oz", "name": "Thomas' Bagels Onion - 6 ct", "cnid": "48539454", "productId": "82916", "size": "20 oz pkg"},
{"thumb": "http://i4.peapod.com/c/KK/KKNHZ.gif", "price": "469", "unit_price": "$.23/ oz", "name": "Thomas' Bagels Plain - 6 ct", "cnid": "48539454", "productId": "74897", "size": "20 oz pkg"},
{"thumb": "http://i4.peapod.com/c/KK/KKNHZ.gif", "price": "399", "unit_price": "$.27/ oz", "name": "Thomas' Bagels Plain Mini - 10 ct", "cnid": "48539454", "productId": "132801", "size": "15 oz pkg"},
{"thumb": "http://i4.peapod.com/c/KK/KKNHZ.gif", "price": "399", "unit_price": "$.27/ oz", "name": "Thomas' Bagels Whole Grain Mini - 10 ct", "cnid": "48539454", "productId": "143925", "size": "15 oz pkg"},
{"thumb": "http://i4.peapod.com/c/KK/KKNHZ.gif", "price": "399", "unit_price": "$.31/ oz", "name": "Thomas' Bagel Thins 100% Whole Wheat Pre-Sliced - 8 ct", "cnid": "48539454", "productId": "157473", "size": "13 oz pkg"},
{"thumb": "http://i4.peapod.com/c/KK/KKNHZ.gif", "price": "399", "unit_price": "$.31/ oz", "name": "Thomas' Bagel Thins Everything Pre-Sliced - 8 ct", "cnid": "48539454", "productId": "158120", "size": "13 oz pkg"},
{"thumb": "http://i4.peapod.com/c/KK/KKNHZ.gif", "price": "399", "unit_price": "$.31/ oz", "name": "Thomas' Bagel Thins Plain Pre-Sliced - 8 ct", "cnid": "48539454", "productId": "157474", "size": "13 oz pkg"},
{"thumb": "http://i4.peapod.com/c/KK/KKNHZ.gif", "price": "469", "unit_price": "$.21/ oz", "name": "Thomas' Hearty Grains Bagels 100% Whole Wheat - 6 ct", "cnid": "48539454", "productId": "128634", "size": "22 oz pkg"},
{"thumb": "http://i4.peapod.com/c/KK/KKNHZ.gif", "price": "469", "unit_price": "$.21/ oz", "name": "Thomas' Hearty Grains Bagels Oatmeal & Honey - 6 ct", "cnid": "48539454", "productId": "145290", "size": "22 oz pkg"},
{"thumb": "http://i4.peapod.com/c/KK/KKNHZ.gif", "price": "459", "unit_price": "$.31/ oz", "name": "Weight Watchers Bagels Original - 6 ct", "cnid": "48539454", "productId": "136708", "size": "15 oz pkg"},
{"thumb": "http://i4.peapod.com/c/KK/KKNHZ.gif", "price": "349", "unit_price": "$.29/ oz", "name": "Kim's Light Foods Bagels Wheat - 6 ct", "cnid": "805202054350", "productId": "159046", "size": "12 oz pkg"},
{"thumb": "http://i4.peapod.com/c/KK/KKNHZ.gif", "price": "449", "unit_price": "$.21/ oz", "name": "Pepperidge Farm Bagels Cinnamon Raisin - 6 ct", "cnid": "805202054350", "productId": "134188", "size": "21 oz pkg"},
{"thumb": "http://i4.peapod.com/c/KK/KKNHZ.gif", "price": "449", "unit_price": "$.21/ oz", "name": "Pepperidge Farm Bagels Plain - 6 ct", "cnid": "805202054350", "productId": "129380", "size": "21 oz pkg"},
{"thumb": "http://i4.peapod.com/c/KK/KKNHZ.gif", "price": "449", "unit_price": "$.26/ oz", "name": "Pepperidge Farm Bagels Plain Mini - 12 ct", "cnid": "805202054350", "productId": "126967", "size": "17 oz pkg"},
{"thumb": "http://i4.peapod.com/c/KK/KKNHZ.gif", "price": "279", "unit_price": "$.13/ oz", "name": "Stop & Shop Bagels Cinnamon Raisin Pre-Sliced - 6 ct", "cnid": "805202054350", "productId": "64963", "size": "22 oz pkg"},
{"thumb": "http://i4.peapod.com/c/KK/KKNHZ.gif", "price": "279", "unit_price": "$.13/ oz", "name": "Stop & Shop Bagels Everything Pre-Sliced - 6 ct", "cnid": "805202054350", "productId": "159038", "size": "22 oz pkg"},
{"thumb": "http://i4.peapod.com/c/KK/KKNHZ.gif", "price": "269", "unit_price": "$.21/ oz", "name": "Stop & Shop Bagels Everything Thin Pre-Sliced - 8 ct", "cnid": "805202054350", "productId": "175129", "size": "13 oz pkg"},
{"thumb": "http://i4.peapod.com/c/KK/KKNHZ.gif", "price": "279", "unit_price": "$.13/ oz", "name": "Stop & Shop Bagels French Toast Pre-Sliced - 6 ct", "cnid": "805202054350", "productId": "184108", "size": "22 oz pkg"},
{"thumb": "http://i4.peapod.com/c/KK/KKNHZ.gif", "price": "269", "unit_price": "$.21/ oz", "name": "Stop & Shop Bagels Multigrain Thin Pre-Sliced - 8 ct", "cnid": "805202054350", "productId": "175131", "size": "13 oz pkg"},
{"thumb": "http://i4.peapod.com/c/KK/KKNHZ.gif", "price": "279", "unit_price": "$.13/ oz", "name": "Stop & Shop Bagels Onion Pre-Sliced - 6 ct", "cnid": "805202054350", "productId": "64962", "size": "22 oz pkg"},
{"thumb": "http://i4.peapod.com/c/KK/KKNHZ.gif", "price": "279", "unit_price": "$.16/ oz", "name": "Stop & Shop Bagels Plain Mini Pre-Sliced - 12 ct", "cnid": "805202054350", "productId": "184109", "size": "17 oz pkg"},
{"thumb": "http://i4.peapod.com/c/KK/KKNHZ.gif", "price": "279", "unit_price": "$.13/ oz", "name": "Stop & Shop Bagels Plain Pre-Sliced - 6 ct", "cnid": "805202054350", "productId": "64960", "size": "22 oz pkg"},
{"thumb": "http://i4.peapod.com/c/KK/KKNHZ.gif", "price": "269", "unit_price": "$.21/ oz", "name": "Stop & Shop Bagels Plain Thin Pre-Sliced - 8 ct", "cnid": "805202054350", "productId": "175128", "size": "13 oz pkg"},
{"thumb": "http://i4.peapod.com/c/KK/KKNHZ.gif", "price": "279", "unit_price": "$.13/ oz", "name": "Stop & Shop Bagels Whole Wheat Pre-Sliced - 6 ct", "cnid": "805202054350", "productId": "137611", "size": "22 oz pkg"},
{"thumb": "http://i4.peapod.com/c/KK/KKNHZ.gif", "price": "269", "unit_price": "$.21/ oz", "name": "Stop & Shop Bagels Whole Wheat Thin Pre-Sliced - 8 ct", "cnid": "805202054350", "productId": "175130", "size": "13 oz pkg"},
{"thumb": "http://i4.peapod.com/c/KK/KKNHZ.gif", "price": "199", "unit_price": "$.12/ ea", "name": "The Bake Shop Bagel Chunks Plain", "cnid": "805202054350", "productId": "186889", "size": "16 oz pkg"},
{"thumb": "http://i4.peapod.com/c/KK/KKNHZ.gif", "price": "279", "unit_price": "$.70/ ea", "name": "The Bake Shop Bagels Blueberry", "cnid": "805202054350", "productId": "123411", "size": "4 ct pkg"},
{"thumb": "http://i4.peapod.com/c/KK/KKNHZ.gif", "price": "279", "unit_price": "$.70/ ea", "name": "The Bake Shop Bagels Cinnamon Raisin", "cnid": "805202054350", "productId": "123412", "size": "4 ct pkg"},
{"thumb": "http://i4.peapod.com/c/KK/KKNHZ.gif", "price": "279", "unit_price": "$.70/ ea", "name": "The Bake Shop Bagels Egg", "cnid": "805202054350", "productId": "123413", "size": "4 ct pkg"},
{"thumb": "http://i4.peapod.com/c/KK/KKNHZ.gif", "price": "279", "unit_price": "$.70/ ea", "name": "The Bake Shop Bagels Everything", "cnid": "805202054350", "productId": "123418", "size": "4 ct pkg"},
{"thumb": "http://i4.peapod.com/c/KK/KKNHZ.gif", "price": "279", "unit_price": "$.70/ ea", "name": "The Bake Shop Bagels Marble", "cnid": "805202054350", "productId": "123419", "size": "4 ct pkg"},
{"thumb": "http://i4.peapod.com/c/KK/KKNHZ.gif", "price": "279", "unit_price": "$.70/ ea", "name": "The Bake Shop Bagels Onion", "cnid": "805202054350", "productId": "123414", "size": "4 ct pkg"},
{"thumb": "http://i4.peapod.com/c/KK/KKNHZ.gif", "price": "279", "unit_price": "$.70/ ea", "name": "The Bake Shop Bagels Plain", "cnid": "805202054350", "productId": "123415", "size": "4 ct pkg"},
{"thumb": "http://i4.peapod.com/c/KK/KKNHZ.gif", "price": "279", "unit_price": "$.70/ ea", "name": "The Bake Shop Bagels Poppy", "cnid": "805202054350", "productId": "123416", "size": "4 ct pkg"},
{"thumb": "http://i4.peapod.com/c/KK/KKNHZ.gif", "price": "279", "unit_price": "$.70/ ea", "name": "The Bake Shop Bagels Sesame Seed", "cnid": "805202054350", "productId": "123417", "size": "4 ct pkg"},
{"thumb": "http://i4.peapod.com/c/KK/KKNHZ.gif", "price": "399", "unit_price": "$.27/ oz", "name": "Thomas' Bagels 100% Whole Wheat Mini - 12 ct", "cnid": "805202054350", "productId": "138028", "size": "15 oz pkg"},
{"thumb": "http://i4.peapod.com/c/KK/KKNHZ.gif", "price": "469", "unit_price": "$.23/ oz", "name": "Thomas' Bagels Blueberry - 6 ct", "cnid": "805202054350", "productId": "82915", "size": "20 oz pkg"},
{"thumb": "http://i4.peapod.com/c/KK/KKNHZ.gif", "price": "469", "unit_price": "$.23/ oz", "name": "Thomas' Bagels Cinnamon Raisin - 6 ct", "cnid": "805202054350", "productId": "74896", "size": "20 oz pkg"},
{"thumb": "http://i4.peapod.com/c/KK/KKNHZ.gif", "price": "399", "unit_price": "$.27/ oz", "name": "Thomas' Bagels Cinnamon Raisin Mini - 10 ct", "cnid": "805202054350", "productId": "138029", "size": "15 oz pkg"},
{"thumb": "http://i4.peapod.com/c/KK/KKNHZ.gif", "price": "469", "unit_price": "$.23/ oz", "name": "Thomas' Bagels Everything - 6 ct", "cnid": "805202054350", "productId": "86110", "size": "20 oz pkg"},
{"thumb": "http://i4.peapod.com/c/KK/KKNHZ.gif", "price": "469", "unit_price": "$.23/ oz", "name": "Thomas' Bagels Onion - 6 ct", "cnid": "805202054350", "productId": "82916", "size": "20 oz pkg"},
{"thumb": "http://i4.peapod.com/c/KK/KKNHZ.gif", "price": "469", "unit_price": "$.23/ oz", "name": "Thomas' Bagels Plain - 6 ct", "cnid": "805202054350", "productId": "74897", "size": "20 oz pkg"},
{"thumb": "http://i4.peapod.com/c/KK/KKNHZ.gif", "price": "399", "unit_price": "$.27/ oz", "name": "Thomas' Bagels Plain Mini - 10 ct", "cnid": "805202054350", "productId": "132801", "size": "15 oz pkg"},
{"thumb": "http://i4.peapod.com/c/KK/KKNHZ.gif", "price": "399", "unit_price": "$.27/ oz", "name": "Thomas' Bagels Whole Grain Mini - 10 ct", "cnid": "805202054350", "productId": "143925", "size": "15 oz pkg"},
{"thumb": "http://i4.peapod.com/c/KK/KKNHZ.gif", "price": "399", "unit_price": "$.31/ oz", "name": "Thomas' Bagel Thins 100% Whole Wheat Pre-Sliced - 8 ct", "cnid": "805202054350", "productId": "157473", "size": "13 oz pkg"},
{"thumb": "http://i4.peapod.com/c/KK/KKNHZ.gif", "price": "399", "unit_price": "$.31/ oz", "name": "Thomas' Bagel Thins Everything Pre-Sliced - 8 ct", "cnid": "805202054350", "productId": "158120", "size": "13 oz pkg"},
{"thumb": "http://i4.peapod.com/c/KK/KKNHZ.gif", "price": "399", "unit_price": "$.31/ oz", "name": "Thomas' Bagel Thins Plain Pre-Sliced - 8 ct", "cnid": "805202054350", "productId": "157474", "size": "13 oz pkg"},
{"thumb": "http://i4.peapod.com/c/KK/KKNHZ.gif", "price": "469", "unit_price": "$.21/ oz", "name": "Thomas' Hearty Grains Bagels 100% Whole Wheat - 6 ct", "cnid": "805202054350", "productId": "128634", "size": "22 oz pkg"},
{"thumb": "http://i4.peapod.com/c/KK/KKNHZ.gif", "price": "469", "unit_price": "$.21/ oz", "name": "Thomas' Hearty Grains Bagels Oatmeal & Honey - 6 ct", "cnid": "805202054350", "productId": "145290", "size": "22 oz pkg"},
{"thumb": "http://i4.peapod.com/c/KK/KKNHZ.gif", "price": "459", "unit_price": "$.31/ oz", "name": "Weight Watchers Bagels Original - 6 ct", "cnid": "805202054350", "productId": "136708", "size": "15 oz pkg"},
{"thumb": "http://i4.peapod.com/c/KK/KKNHZ.gif", "price": "349", "unit_price": "$.29/ oz", "name": "Kim's Light Foods Bagels Wheat - 6 ct", "cnid": "8052034964", "productId": "159046", "size": "12 oz pkg"},
{"thumb": "http://i4.peapod.com/c/KK/KKNHZ.gif", "price": "449", "unit_price": "$.21/ oz", "name": "Pepperidge Farm Bagels Cinnamon Raisin - 6 ct", "cnid": "8052034964", "productId": "134188", "size": "21 oz pkg"},
{"thumb": "http://i4.peapod.com/c/KK/KKNHZ.gif", "price": "449", "unit_price": "$.21/ oz", "name": "Pepperidge Farm Bagels Plain - 6 ct", "cnid": "8052034964", "productId": "129380", "size": "21 oz pkg"},
{"thumb": "http://i4.peapod.com/c/KK/KKNHZ.gif", "price": "449", "unit_price": "$.26/ oz", "name": "Pepperidge Farm Bagels Plain Mini - 12 ct", "cnid": "8052034964", "productId": "126967", "size": "17 oz pkg"},
{"thumb": "http://i4.peapod.com/c/KK/KKNHZ.gif", "price": "279", "unit_price": "$.13/ oz", "name": "Stop & Shop Bagels Cinnamon Raisin Pre-Sliced - 6 ct", "cnid": "8052034964", "productId": "64963", "size": "22 oz pkg"},
{"thumb": "http://i4.peapod.com/c/KK/KKNHZ.gif", "price": "279", "unit_price": "$.13/ oz", "name": "Stop & Shop Bagels Everything Pre-Sliced - 6 ct", "cnid": "8052034964", "productId": "159038", "size": "22 oz pkg"},
{"thumb": "http://i4.peapod.com/c/KK/KKNHZ.gif", "price": "269", "unit_price": "$.21/ oz", "name": "Stop & Shop Bagels Everything Thin Pre-Sliced - 8 ct", "cnid": "8052034964", "productId": "175129", "size": "13 oz pkg"},
{"thumb": "http://i4.peapod.com/c/KK/KKNHZ.gif", "price": "279", "unit_price": "$.13/ oz", "name": "Stop & Shop Bagels French Toast Pre-Sliced - 6 ct", "cnid": "8052034964", "productId": "184108", "size": "22 oz pkg"},
{"thumb": "http://i4.peapod.com/c/KK/KKNHZ.gif", "price": "269", "unit_price": "$.21/ oz", "name": "Stop & Shop Bagels Multigrain Thin Pre-Sliced - 8 ct", "cnid": "8052034964", "productId": "175131", "size": "13 oz pkg"},
{"thumb": "http://i4.peapod.com/c/KK/KKNHZ.gif", "price": "279", "unit_price": "$.13/ oz", "name": "Stop & Shop Bagels Onion Pre-Sliced - 6 ct", "cnid": "8052034964", "productId": "64962", "size": "22 oz pkg"},
{"thumb": "http://i4.peapod.com/c/KK/KKNHZ.gif", "price": "279", "unit_price": "$.16/ oz", "name": "Stop & Shop Bagels Plain Mini Pre-Sliced - 12 ct", "cnid": "8052034964", "productId": "184109", "size": "17 oz pkg"},
{"thumb": "http://i4.peapod.com/c/KK/KKNHZ.gif", "price": "279", "unit_price": "$.13/ oz", "name": "Stop & Shop Bagels Plain Pre-Sliced - 6 ct", "cnid": "8052034964", "productId": "64960", "size": "22 oz pkg"},
{"thumb": "http://i4.peapod.com/c/KK/KKNHZ.gif", "price": "269", "unit_price": "$.21/ oz", "name": "Stop & Shop Bagels Plain Thin Pre-Sliced - 8 ct", "cnid": "8052034964", "productId": "175128", "size": "13 oz pkg"},
{"thumb": "http://i4.peapod.com/c/KK/KKNHZ.gif", "price": "279", "unit_price": "$.13/ oz", "name": "Stop & Shop Bagels Whole Wheat Pre-Sliced - 6 ct", "cnid": "8052034964", "productId": "137611", "size": "22 oz pkg"},
{"thumb": "http://i4.peapod.com/c/KK/KKNHZ.gif", "price": "269", "unit_price": "$.21/ oz", "name": "Stop & Shop Bagels Whole Wheat Thin Pre-Sliced - 8 ct", "cnid": "8052034964", "productId": "175130", "size": "13 oz pkg"},
{"thumb": "http://i4.peapod.com/c/KK/KKNHZ.gif", "price": "199", "unit_price": "$.12/ ea", "name": "The Bake Shop Bagel Chunks Plain", "cnid": "8052034964", "productId": "186889", "size": "16 oz pkg"},
{"thumb": "http://i4.peapod.com/c/KK/KKNHZ.gif", "price": "279", "unit_price": "$.70/ ea", "name": "The Bake Shop Bagels Blueberry", "cnid": "8052034964", "productId": "123411", "size": "4 ct pkg"},
{"thumb": "http://i4.peapod.com/c/KK/KKNHZ.gif", "price": "279", "unit_price": "$.70/ ea", "name": "The Bake Shop Bagels Cinnamon Raisin", "cnid": "8052034964", "productId": "123412", "size": "4 ct pkg"},
{"thumb": "http://i4.peapod.com/c/KK/KKNHZ.gif", "price": "279", "unit_price": "$.70/ ea", "name": "The Bake Shop Bagels Egg", "cnid": "8052034964", "productId": "123413", "size": "4 ct pkg"},
{"thumb": "http://i4.peapod.com/c/KK/KKNHZ.gif", "price": "279", "unit_price": "$.70/ ea", "name": "The Bake Shop Bagels Everything", "cnid": "8052034964", "productId": "123418", "size": "4 ct pkg"},
{"thumb": "http://i4.peapod.com/c/KK/KKNHZ.gif", "price": "279", "unit_price": "$.70/ ea", "name": "The Bake Shop Bagels Marble", "cnid": "8052034964", "productId": "123419", "size": "4 ct pkg"},
{"thumb": "http://i4.peapod.com/c/KK/KKNHZ.gif", "price": "279", "unit_price": "$.70/ ea", "name": "The Bake Shop Bagels Onion", "cnid": "8052034964", "productId": "123414", "size": "4 ct pkg"},
{"thumb": "http://i4.peapod.com/c/KK/KKNHZ.gif", "price": "279", "unit_price": "$.70/ ea", "name": "The Bake Shop Bagels Plain", "cnid": "8052034964", "productId": "123415", "size": "4 ct pkg"},
{"thumb": "http://i4.peapod.com/c/KK/KKNHZ.gif", "price": "279", "unit_price": "$.70/ ea", "name": "The Bake Shop Bagels Poppy", "cnid": "8052034964", "productId": "123416", "size": "4 ct pkg"},
{"thumb": "http://i4.peapod.com/c/KK/KKNHZ.gif", "price": "279", "unit_price": "$.70/ ea", "name": "The Bake Shop Bagels Sesame Seed", "cnid": "8052034964", "productId": "123417", "size": "4 ct pkg"},
{"thumb": "http://i4.peapod.com/c/KK/KKNHZ.gif", "price": "399", "unit_price": "$.27/ oz", "name": "Thomas' Bagels 100% Whole Wheat Mini - 12 ct", "cnid": "8052034964", "productId": "138028", "size": "15 oz pkg"},
{"thumb": "http://i4.peapod.com/c/KK/KKNHZ.gif", "price": "469", "unit_price": "$.23/ oz", "name": "Thomas' Bagels Blueberry - 6 ct", "cnid": "8052034964", "productId": "82915", "size": "20 oz pkg"},
{"thumb": "http://i4.peapod.com/c/KK/KKNHZ.gif", "price": "469", "unit_price": "$.23/ oz", "name": "Thomas' Bagels Cinnamon Raisin - 6 ct", "cnid": "8052034964", "productId": "74896", "size": "20 oz pkg"},
{"thumb": "http://i4.peapod.com/c/KK/KKNHZ.gif", "price": "399", "unit_price": "$.27/ oz", "name": "Thomas' Bagels Cinnamon Raisin Mini - 10 ct", "cnid": "8052034964", "productId": "138029", "size": "15 oz pkg"},
{"thumb": "http://i4.peapod.com/c/KK/KKNHZ.gif", "price": "469", "unit_price": "$.23/ oz", "name": "Thomas' Bagels Everything - 6 ct", "cnid": "8052034964", "productId": "86110", "size": "20 oz pkg"},
{"thumb": "http://i4.peapod.com/c/KK/KKNHZ.gif", "price": "469", "unit_price": "$.23/ oz", "name": "Thomas' Bagels Onion - 6 ct", "cnid": "8052034964", "productId": "82916", "size": "20 oz pkg"},
{"thumb": "http://i4.peapod.com/c/KK/KKNHZ.gif", "price": "469", "unit_price": "$.23/ oz", "name": "Thomas' Bagels Plain - 6 ct", "cnid": "8052034964", "productId": "74897", "size": "20 oz pkg"},
{"thumb": "http://i4.peapod.com/c/KK/KKNHZ.gif", "price": "399", "unit_price": "$.27/ oz", "name": "Thomas' Bagels Plain Mini - 10 ct", "cnid": "8052034964", "productId": "132801", "size": "15 oz pkg"},
{"thumb": "http://i4.peapod.com/c/KK/KKNHZ.gif", "price": "399", "unit_price": "$.27/ oz", "name": "Thomas' Bagels Whole Grain Mini - 10 ct", "cnid": "8052034964", "productId": "143925", "size": "15 oz pkg"},
{"thumb": "http://i4.peapod.com/c/KK/KKNHZ.gif", "price": "399", "unit_price": "$.31/ oz", "name": "Thomas' Bagel Thins 100% Whole Wheat Pre-Sliced - 8 ct", "cnid": "8052034964", "productId": "157473", "size": "13 oz pkg"},
{"thumb": "http://i4.peapod.com/c/KK/KKNHZ.gif", "price": "399", "unit_price": "$.31/ oz", "name": "Thomas' Bagel Thins Everything Pre-Sliced - 8 ct", "cnid": "8052034964", "productId": "158120", "size": "13 oz pkg"},
{"thumb": "http://i4.peapod.com/c/KK/KKNHZ.gif", "price": "399", "unit_price": "$.31/ oz", "name": "Thomas' Bagel Thins Plain Pre-Sliced - 8 ct", "cnid": "8052034964", "productId": "157474", "size": "13 oz pkg"},
{"thumb": "http://i4.peapod.com/c/KK/KKNHZ.gif", "price": "469", "unit_price": "$.21/ oz", "name": "Thomas' Hearty Grains Bagels 100% Whole Wheat - 6 ct", "cnid": "8052034964", "productId": "128634", "size": "22 oz pkg"},
{"thumb": "http://i4.peapod.com/c/KK/KKNHZ.gif", "price": "469", "unit_price": "$.21/ oz", "name": "Thomas' Hearty Grains Bagels Oatmeal & Honey - 6 ct", "cnid": "8052034964", "productId": "145290", "size": "22 oz pkg"},
{"thumb": "http://i4.peapod.com/c/KK/KKNHZ.gif", "price": "459", "unit_price": "$.31/ oz", "name": "Weight Watchers Bagels Original - 6 ct", "cnid": "8052034964", "productId": "136708", "size": "15 oz pkg"},
{"thumb": "http://i4.peapod.com/c/KK/KKNHZ.gif", "price": "499", "unit_price": "$.16/ oz", "name": "Cabot Greek Style Yogurt Vanilla Low Fat", "cnid": "899", "productId": "167109", "size": "32 oz tub"},
{"thumb": "http://i4.peapod.com/c/KK/KKNHZ.gif", "price": "299", "unit_price": "$.21/ oz", "name": "Chobani Champions Greek Yogurt Verry Berry 2% Low Fat Natural - 4 ct", "cnid": "899", "productId": "161872", "size": "14 oz pkg"},
{"thumb": "http://i4.peapod.com/c/KK/KKNHZ.gif", "price": "139", "unit_price": "$.23/ oz", "name": "Chobani Greek Fruit on the Bottom Yogurt Apple Cinnamon 0% Non Fat Natural", "cnid": "899", "productId": "183972", "size": "6 oz cup"},
{"thumb": "http://i4.peapod.com/c/KK/KKNHZ.gif", "price": "139", "unit_price": "$.23/ oz", "name": "Chobani Greek Fruit on the Bottom Yogurt Banana 2% Low Fat All Natural", "cnid": "899", "productId": "192678", "size": "6 oz cup"},
{"thumb": "http://i4.peapod.com/c/KK/KKNHZ.gif", "price": "139", "unit_price": "$.23/ oz", "name": "Chobani Greek Fruit on the Bottom Yogurt Black Cherry 0% Non Fat Natural", "cnid": "899", "productId": "161874", "size": "6 oz cup"},
{"thumb": "http://i4.peapod.com/c/KK/KKNHZ.gif", "price": "139", "unit_price": "$.23/ oz", "name": "Chobani Greek Fruit on the Bottom Yogurt Blood Orange 0% Non Fat Natural", "cnid": "899", "productId": "183973", "size": "6 oz cup"},
{"thumb": "http://i4.peapod.com/c/KK/KKNHZ.gif", "price": "139", "unit_price": "$.23/ oz", "name": "Chobani Greek Fruit on the Bottom Yogurt Blueberry 0% Non Fat All Natural", "cnid": "899", "productId": "153581", "size": "6 oz cup"},
{"thumb": "http://i4.peapod.com/c/KK/KKNHZ.gif", "price": "139", "unit_price": "$.23/ oz", "name": "Chobani Greek Fruit on the Bottom Yogurt Mango 2% Low Fat All Natural", "cnid": "899", "productId": "161873", "size": "6 oz cup"},
{"thumb": "http://i4.peapod.com/c/KK/KKNHZ.gif", "price": "139", "unit_price": "$.23/ oz", "name": "Chobani Greek Fruit on the Bottom Yogurt Peach 0% Non Fat All Natural", "cnid": "899", "productId": "154225", "size": "6 oz cup"},
{"thumb": "http://i4.peapod.com/c/KK/KKNHZ.gif", "price": "139", "unit_price": "$.23/ oz", "name": "Chobani Greek Fruit on the Bottom Yogurt Pineapple 2% Low Fat All Natural", "cnid": "899", "productId": "158004", "size": "6 oz cup"},
{"thumb": "http://i4.peapod.com/c/KK/KKNHZ.gif", "price": "139", "unit_price": "$.23/ oz", "name": "Chobani Greek Fruit on the Bottom Yogurt Pomegranate 0% Non Fat Natural", "cnid": "899", "productId": "157076", "size": "6 oz cup"},
{"thumb": "http://i4.peapod.com/c/KK/KKNHZ.gif", "price": "139", "unit_price": "$.23/ oz", "name": "Chobani Greek Fruit on the Bottom Yogurt Raspberry 0% Non Fat All Natural", "cnid": "899", "productId": "158005", "size": "6 oz cup"},
{"thumb": "http://i4.peapod.com/c/KK/KKNHZ.gif", "price": "139", "unit_price": "$.23/ oz", "name": "Chobani Greek Fruit on the Bottom Yogurt Strawberry 0% Non Fat All Natural", "cnid": "899", "productId": "153713", "size": "6 oz cup"},
{"thumb": "http://i4.peapod.com/c/KK/KKNHZ.gif", "price": "139", "unit_price": "$.23/ oz", "name": "Chobani Greek Fruit on the Bottom Yogurt Strawberry Banana 2% Low Fat", "cnid": "899", "productId": "159219", "size": "6 oz cup"},
{"thumb": "http://i4.peapod.com/c/KK/KKNHZ.gif", "price": "139", "unit_price": "$.23/ oz", "name": "Chobani Greek Yogurt Lemon 0% Non Fat All Natural", "cnid": "899", "productId": "161875", "size": "6 oz cup"},
{"thumb": "http://i4.peapod.com/c/KK/KKNHZ.gif", "price": "619", "unit_price": "$.19/ oz", "name": "Chobani Greek Yogurt Plain 0% Non Fat All Natural", "cnid": "899", "productId": "159744", "size": "32 oz tub"},
{"thumb": "http://i4.peapod.com/c/KK/KKNHZ.gif", "price": "359", "unit_price": "$.22/ oz", "name": "Chobani Greek Yogurt Plain 0% Non Fat All Natural", "cnid": "899", "productId": "163286", "size": "16 oz tub"},
{"thumb": "http://i4.peapod.com/c/KK/KKNHZ.gif", "price": "139", "unit_price": "$.23/ oz", "name": "Chobani Greek Yogurt Plain 0% Non Fat All Natural", "cnid": "899", "productId": "151522", "size": "6 oz cup"},
{"thumb": "http://i4.peapod.com/c/KK/KKNHZ.gif", "price": "619", "unit_price": "$.19/ oz", "name": "Chobani Greek Yogurt Strawberry 0% Non Fat All Natural", "cnid": "899", "productId": "162059", "size": "32 oz tub"},
{"thumb": "http://i4.peapod.com/c/KK/KKNHZ.gif", "price": "139", "unit_price": "$.23/ oz", "name": "Chobani Greek Yogurt Vanilla 0% Non Fat All Natural", "cnid": "899", "productId": "153579", "size": "6 oz cup"},
{"thumb": "http://i4.peapod.com/c/KK/KKNHZ.gif", "price": "619", "unit_price": "$.19/ oz", "name": "Chobani Greek Yogurt Vanilla 0% Non Fat All Natural", "cnid": "899", "productId": "159852", "size": "32 oz tub"},
{"thumb": "http://i4.peapod.com/c/KK/KKNHZ.gif", "price": "279", "unit_price": "$.17/ oz", "name": "Dannon Activia Light Probiotic Yogurt Peach Fat Free - 4 ct", "cnid": "899", "productId": "143950", "size": "16 oz pkg"},
{"thumb": "http://i4.peapod.com/c/KK/KKNHZ.gif", "price": "279", "unit_price": "$.17/ oz", "name": "Dannon Activia Light Probiotic Yogurt Vanilla Fat Free - 4 ct", "cnid": "899", "productId": "143951", "size": "16 oz pkg"},
{"thumb": "http://i4.peapod.com/c/KK/KKNHZ.gif", "price": "279", "unit_price": "$.17/ oz", "name": "Dannon Activia Probiotic Yogurt Blueberry Low Fat - 4 ct", "cnid": "899", "productId": "140000", "size": "16 oz pkg"},
{"thumb": "http://i4.peapod.com/c/KK/KKNHZ.gif", "price": "279", "unit_price": "$.17/ oz", "name": "Dannon Activia Probiotic Yogurt Cherry Low Fat - 4 ct", "cnid": "899", "productId": "149083", "size": "16 oz pkg"},
{"thumb": "http://i4.peapod.com/c/KK/KKNHZ.gif", "price": "279", "unit_price": "$.17/ oz", "name": "Dannon Activia Probiotic Yogurt Peach Low Fat - 4 ct", "cnid": "899", "productId": "141720", "size": "16 oz pkg"},
{"thumb": "http://i4.peapod.com/c/KK/KKNHZ.gif", "price": "279", "unit_price": "$.17/ oz", "name": "Dannon Activia Probiotic Yogurt Vanilla Low Fat - 4 ct", "cnid": "899", "productId": "140003", "size": "16 oz pkg"},
{"thumb": "http://i4.peapod.com/c/KK/KKNHZ.gif", "price": "549", "unit_price": "$.22/ oz", "name": "Dannon DanActive Immunity Drinkable Yogurt Strawberry - 8 ct", "cnid": "899", "productId": "143961", "size": "3.1 oz btl"},
{"thumb": "http://i4.peapod.com/c/KK/KKNHZ.gif", "price": "299", "unit_price": "$.16/ oz", "name": "Dannon Danimals Yogurt Smoothie Strawberry Explosion Flavored - 6 ct", "cnid": "899", "productId": "114833", "size": "3.1 oz btl"},
{"thumb": "http://i4.peapod.com/c/KK/KKNHZ.gif", "price": "299", "unit_price": "$.16/ oz", "name": "Dannon Danimals Yogurt Smoothie Swingin' Strawberry Banana - 6 ct", "cnid": "899", "productId": "127645", "size": "3.1 oz btl"},
{"thumb": "http://i4.peapod.com/c/KK/KKNHZ.gif", "price": "80", "unit_price": "$.13/ oz", "name": "Dannon Fruit on the Bottom Yogurt Blueberry", "cnid": "899", "productId": "3465", "size": "6 oz cup"},
{"thumb": "http://i4.peapod.com/c/KK/KKNHZ.gif", "price": "80", "unit_price": "$.13/ oz", "name": "Dannon Fruit on the Bottom Yogurt Peach", "cnid": "899", "productId": "3469", "size": "6 oz cup"},
{"thumb": "http://i4.peapod.com/c/KK/KKNHZ.gif", "price": "80", "unit_price": "$.13/ oz", "name": "Dannon Fruit on the Bottom Yogurt Raspberry", "cnid": "899", "productId": "3464", "size": "6 oz cup"},
{"thumb": "http://i4.peapod.com/c/KK/KKNHZ.gif", "price": "80", "unit_price": "$.13/ oz", "name": "Dannon Fruit on the Bottom Yogurt Strawberry", "cnid": "899", "productId": "3463", "size": "6 oz cup"},
{"thumb": "http://i4.peapod.com/c/KK/KKNHZ.gif", "price": "80", "unit_price": "$.13/ oz", "name": "Dannon Fruit on the Bottom Yogurt Strawberry Banana", "cnid": "899", "productId": "3473", "size": "6 oz cup"},
{"thumb": "http://i4.peapod.com/c/KK/KKNHZ.gif", "price": "469", "unit_price": "$.22/ oz", "name": "Dannon Light & Fit Greek Yogurt Strawberry Non Fat - 4 ct", "cnid": "899", "productId": "191000", "size": "21.2 oz pkg"},
{"thumb": "http://i4.peapod.com/c/KK/KKNHZ.gif", "price": "469", "unit_price": "$.22/ oz", "name": "Dannon Light & Fit Greek Yogurt Vanilla Non Fat - 4 ct", "cnid": "899", "productId": "190999", "size": "21.2 oz pkg"},
{"thumb": "http://i4.peapod.com/c/KK/KKNHZ.gif", "price": "80", "unit_price": "$.13/ oz", "name": "Dannon Light & Fit Yogurt Banana 0% Fat", "cnid": "899", "productId": "162060", "size": "6 oz cup"},
{"thumb": "http://i4.peapod.com/c/KK/KKNHZ.gif", "price": "80", "unit_price": "$.13/ oz", "name": "Dannon Light & Fit Yogurt Blueberry 0% Fat", "cnid": "899", "productId": "3488", "size": "6 oz cup"},
{"thumb": "http://i4.peapod.com/c/KK/KKNHZ.gif", "price": "80", "unit_price": "$.13/ oz", "name": "Dannon Light & Fit Yogurt Cherry Vanilla 0% Fat", "cnid": "899", "productId": "3492", "size": "6 oz cup"},
{"thumb": "http://i4.peapod.com/c/KK/KKNHZ.gif", "price": "80", "unit_price": "$.13/ oz", "name": "Dannon Light & Fit Yogurt Peach 0% Fat", "cnid": "899", "productId": "3486", "size": "6 oz cup"},
{"thumb": "http://i4.peapod.com/c/KK/KKNHZ.gif", "price": "249", "unit_price": "$.10/ oz", "name": "Dannon Light & Fit Yogurt Pineapple Coconut 0% Fat - 4 ct", "cnid": "899", "productId": "181688", "size": "24 oz pkg"},
{"thumb": "http://i4.peapod.com/c/KK/KKNHZ.gif", "price": "249", "unit_price": "$.10/ oz", "name": "Dannon Light & Fit Yogurt Strawberry Non Fat - 4 ct", "cnid": "899", "productId": "165068", "size": "24 oz pkg"},
{"thumb": "http://i4.peapod.com/c/KK/KKNHZ.gif", "price": "249", "unit_price": "$.10/ oz", "name": "Dannon Light & Fit Yogurt Toasted Coconut Vanilla 0% Fat - 4 ct", "cnid": "899", "productId": "164819", "size": "24 oz pkg"},
{"thumb": "http://i4.peapod.com/c/KK/KKNHZ.gif", "price": "80", "unit_price": "$.13/ oz", "name": "Dannon Light & Fit Yogurt Vanilla 0% Fat", "cnid": "899", "productId": "3493", "size": "6 oz cup"},
{"thumb": "http://i4.peapod.com/c/KK/KKNHZ.gif", "price": "299", "unit_price": "$.09/ oz", "name": "Dannon Light & Fit Yogurt Vanilla 0% Fat", "cnid": "899", "productId": "10911", "size": "32 oz tub"},
{"thumb": "http://i4.peapod.com/c/KK/KKNHZ.gif", "price": "249", "unit_price": "$.10/ oz", "name": "Dannon Light & Fit Yogurt Vanilla 0% Fat - 4 ct", "cnid": "899", "productId": "159745", "size": "24 oz pkg"},
{"thumb": "http://i4.peapod.com/c/KK/KKNHZ.gif", "price": "359", "unit_price": "$.22/ oz", "name": "Dannon Light & Fit Yogurt Vanilla Cream Carb & Sugar Control Low Fat-4 ct", "cnid": "899", "productId": "133333", "size": "16 oz pkg"},
{"thumb": "http://i4.peapod.com/c/KK/KKNHZ.gif", "price": "119", "unit_price": "$.22/ oz", "name": "Dannon Oikos Greek Fruit on the Bottom Yogurt Blueberry Non Fat", "cnid": "899", "productId": "158029", "size": "5.3 oz cup"},
{"thumb": "http://i4.peapod.com/c/KK/KKNHZ.gif", "price": "119", "unit_price": "$.22/ oz", "name": "Dannon Oikos Greek Fruit on the Bottom Yogurt Peach Non Fat", "cnid": "899", "productId": "178491", "size": "5.3 oz cup"},
{"thumb": "http://i4.peapod.com/c/KK/KKNHZ.gif", "price": "119", "unit_price": "$.22/ oz", "name": "Dannon Oikos Greek Fruit on the Bottom Yogurt Strawberry Non Fat", "cnid": "899", "productId": "158028", "size": "5.3 oz cup"},
{"thumb": "http://i4.peapod.com/c/KK/KKNHZ.gif", "price": "119", "unit_price": "$.22/ oz", "name": "Dannon Oikos Greek Traditional Yogurt Raspberry", "cnid": "899", "productId": "183287", "size": "5.3 oz cup"},
{"thumb": "http://i4.peapod.com/c/KK/KKNHZ.gif", "price": "119", "unit_price": "$.22/ oz", "name": "Dannon Oikos Greek Yogurt Traditional Key Lime", "cnid": "899", "productId": "182754", "size": "5.3 oz cup"},
{"thumb": "http://i4.peapod.com/c/KK/KKNHZ.gif", "price": "119", "unit_price": "$.22/ oz", "name": "Dannon Oikos Greek Yogurt Vanilla Non Fat", "cnid": "899", "productId": "158030", "size": "5.3 oz cup"},
{"thumb": "http://i4.peapod.com/c/KK/KKNHZ.gif", "price": "469", "unit_price": "$.23/ oz", "name": "Dannon Oikos Greek Yogurt Vanilla Non Fat - 4 ct", "cnid": "899", "productId": "192162", "size": "20.2 oz pkg"},
{"thumb": "http://i4.peapod.com/c/KK/KKNHZ.gif", "price": "80", "unit_price": "$.13/ oz", "name": "Dannon Yogurt Coffee All Natural", "cnid": "899", "productId": "3461", "size": "6 oz cup"},
{"thumb": "http://i4.peapod.com/c/KK/KKNHZ.gif", "price": "80", "unit_price": "$.13/ oz", "name": "Dannon Yogurt Vanilla Low Fat All Natural", "cnid": "899", "productId": "3460", "size": "6 oz cup"},
{"thumb": "http://i4.peapod.com/c/KK/KKNHZ.gif", "price": "249", "unit_price": "$.62/ oz", "name": "Dole Fruit Smoothie Shakers Fruit & Yogurt Kit Mixed Berry Frozen", "cnid": "899", "productId": "184161", "size": "4 oz btl"},
{"thumb": "http://i4.peapod.com/c/KK/KKNHZ.gif", "price": "249", "unit_price": "$.62/ oz", "name": "Dole Fruit Smoothie Shakers Fruit & Yogurt Kit Strawberry Banana Frozen", "cnid": "899", "productId": "184160", "size": "4 oz btl"},
{"thumb": "http://i4.peapod.com/c/KK/KKNHZ.gif", "price": "149", "unit_price": "$.25/ oz", "name": "Fage Total 0% Greek Yogurt Strained Plain Non Fat All Natural", "cnid": "899", "productId": "140658", "size": "6 oz cup"},
{"thumb": "http://i4.peapod.com/c/KK/KKNHZ.gif", "price": "149", "unit_price": "$.28/ oz", "name": "Fage Total 0% Greek Yogurt Strained with Blueberry Non Fat All Natural", "cnid": "899", "productId": "191090", "size": "5.3 oz cup"},
{"thumb": "http://i4.peapod.com/c/KK/KKNHZ.gif", "price": "149", "unit_price": "$.21/ oz", "name": "Fage Total 2% Greek Yogurt Strained Plain Low Fat All Natural", "cnid": "899", "productId": "140659", "size": "7 oz cup"},
{"thumb": "http://i4.peapod.com/c/KK/KKNHZ.gif", "price": "149", "unit_price": "$.28/ oz", "name": "Fage Total 2% Greek Yogurt Strained with Cherry Low Fat All Natural", "cnid": "899", "productId": "146411", "size": "5.3 oz cup"},
{"thumb": "http://i4.peapod.com/c/KK/KKNHZ.gif", "price": "149", "unit_price": "$.28/ oz", "name": "Fage Total 2% Greek Yogurt Strained with Strawberry Low Fat All Natural", "cnid": "899", "productId": "146414", "size": "5.3 oz cup"},
{"thumb": "http://i4.peapod.com/c/KK/KKNHZ.gif", "price": "379", "unit_price": "$.12/ oz", "name": "Lifeway Kefir Probiotic Cultured Milk Smoothie Plain Low Fat", "cnid": "899", "productId": "1295", "size": "32 oz btl"},
{"thumb": "http://i4.peapod.com/c/KK/KKNHZ.gif", "price": "379", "unit_price": "$.12/ oz", "name": "Lifeway Kefir Probiotic Cultured Milk Smoothie Pomegranate Low Fat", "cnid": "899", "productId": "145211", "size": "32 oz btl"},
{"thumb": "http://i4.peapod.com/c/KK/KKNHZ.gif", "price": "379", "unit_price": "$.12/ oz", "name": "Lifeway Kefir Probiotic Cultured Milk Smoothie Strawberry Low Fat", "cnid": "899", "productId": "1296", "size": "32 oz btl"},
{"thumb": "http://i4.peapod.com/c/KK/KKNHZ.gif", "price": "145", "unit_price": "$.27/ oz", "name": "Muller FrutUp Yogurt Peach Passion Fruit Low Fat", "cnid": "899", "productId": "191032", "size": "5.3 oz cup"},
{"thumb": "http://i4.peapod.com/c/KK/KKNHZ.gif", "price": "145", "unit_price": "$.27/ oz", "name": "Muller FrutUp Yogurt Splendid Strawberry Low Fat", "cnid": "899", "productId": "191029", "size": "5.3 oz cup"},
{"thumb": "http://i4.peapod.com/c/KK/KKNHZ.gif", "price": "80", "unit_price": "$.15/ oz", "name": "Muller Greek Corner Greek Yogurt with Carmelized Almond Low Fat", "cnid": "899", "productId": "191026", "size": "5.3 oz cup"},
{"thumb": "http://i4.peapod.com/c/KK/KKNHZ.gif", "price": "75", "unit_price": "$.12/ oz", "name": "Stonyfield Fruit on the Bottom Yogurt Blueberry Fat Free Organic", "cnid": "899", "productId": "34653", "size": "6 oz cup"},
{"thumb": "http://i4.peapod.com/c/KK/KKNHZ.gif", "price": "75", "unit_price": "$.12/ oz", "name": "Stonyfield Fruit on The Bottom Yogurt Strawberry Fat Free Organic", "cnid": "899", "productId": "34637", "size": "6 oz cup"},
{"thumb": "http://i4.peapod.com/c/KK/KKNHZ.gif", "price": "449", "unit_price": "$.14/ oz", "name": "Stonyfield Smooth & Creamy Yogurt BaNilla Low Fat Organic", "cnid": "899", "productId": "64952", "size": "32 oz tub"},
{"thumb": "http://i4.peapod.com/c/KK/KKNHZ.gif", "price": "449", "unit_price": "$.14/ oz", "name": "Stonyfield Smooth & Creamy Yogurt French Vanilla Fat Free Organic", "cnid": "899", "productId": "61981", "size": "32 oz tub"},
{"thumb": "http://i4.peapod.com/c/KK/KKNHZ.gif", "price": "75", "unit_price": "$.12/ oz", "name": "Stonyfield Smooth & Creamy Yogurt French Vanilla Fat Free Organic", "cnid": "899", "productId": "64950", "size": "6 oz cup"},
{"thumb": "http://i4.peapod.com/c/KK/KKNHZ.gif", "price": "449", "unit_price": "$.14/ oz", "name": "Stonyfield Smooth & Creamy Yogurt Whole Milk Plain Organic", "cnid": "899", "productId": "34663", "size": "32 oz tub"},
{"thumb": "http://i4.peapod.com/c/KK/KKNHZ.gif", "price": "299", "unit_price": "$.19/ oz", "name": "Stonyfield YoBaby Yogurt Whole Milk Banana Organic - 4 ct", "cnid": "899", "productId": "159892", "size": "16 oz pkg"},
{"thumb": "http://i4.peapod.com/c/KK/KKNHZ.gif", "price": "299", "unit_price": "$.19/ oz", "name": "Stonyfield YoBaby Yogurt Whole MIlk Blueberry Organic - 4 ct", "cnid": "899", "productId": "159893", "size": "16 oz pkg"},
{"thumb": "http://i4.peapod.com/c/KK/KKNHZ.gif", "price": "179", "unit_price": "$.18/ oz", "name": "Stonyfield Yogurt Super Smoothie Banana Berry Organic", "cnid": "899", "productId": "135053", "size": "10 oz btl"},
{"thumb": "http://i4.peapod.com/c/KK/KKNHZ.gif", "price": "179", "unit_price": "$.18/ oz", "name": "Stonyfield Yogurt Super Smoothie Strawberry Organic", "cnid": "899", "productId": "128963", "size": "10 oz btl"},
{"thumb": "http://i4.peapod.com/c/KK/KKNHZ.gif", "price": "179", "unit_price": "$.18/ oz", "name": "Stonyfield Yogurt Super Smoothie Wild Berry Organic", "cnid": "899", "productId": "129976", "size": "10 oz btl"},
{"thumb": "http://i4.peapod.com/c/KK/KKNHZ.gif", "price": "439", "unit_price": "$.18/ oz", "name": "Stonyfield YoKids Yogurt Straw Vanilla & Blueberry Low Fat Organic - 6 ct", "cnid": "899", "productId": "104988", "size": "24 oz pkg"},
{"thumb": "http://i4.peapod.com/c/KK/KKNHZ.gif", "price": "299", "unit_price": "$.19/ oz", "name": "Stonyfield YoToddler Yogurt Apple & Sweet Potato Organic - 4 ct", "cnid": "899", "productId": "158979", "size": "16 oz pkg"},
{"thumb": "http://i4.peapod.com/c/KK/KKNHZ.gif", "price": "50", "unit_price": "$.08/ oz", "name": "Stop & Shop Fruit on the Bottom Yogurt Blueberry Low Fat", "cnid": "899", "productId": "57655", "size": "6 oz cup"},
{"thumb": "http://i4.peapod.com/c/KK/KKNHZ.gif", "price": "100", "unit_price": "$.17/ oz", "name": "Stop & Shop Greek Fruit on the Bottom Yogurt Strawberry Non Fat", "cnid": "899", "productId": "186217", "size": "6 oz cup"},
{"thumb": "http://i4.peapod.com/c/KK/KKNHZ.gif", "price": "100", "unit_price": "$.17/ oz", "name": "Stop & Shop Greek Yogurt Plain Non Fat All Natural", "cnid": "899", "productId": "186215", "size": "6 oz cup"},
{"thumb": "http://i4.peapod.com/c/KK/KKNHZ.gif", "price": "50", "unit_price": "$.08/ oz", "name": "Stop & Shop Light Yogurt Blueberry Non Fat", "cnid": "899", "productId": "57625", "size": "6 oz cup"},
{"thumb": "http://i4.peapod.com/c/KK/KKNHZ.gif", "price": "50", "unit_price": "$.08/ oz", "name": "Stop & Shop Light Yogurt Cherry Vanilla Non Fat", "cnid": "899", "productId": "136263", "size": "6 oz cup"},
{"thumb": "http://i4.peapod.com/c/KK/KKNHZ.gif", "price": "50", "unit_price": "$.08/ oz", "name": "Stop & Shop Light Yogurt Peach Non Fat", "cnid": "899", "productId": "57627", "size": "6 oz cup"},
{"thumb": "http://i4.peapod.com/c/KK/KKNHZ.gif", "price": "50", "unit_price": "$.08/ oz", "name": "Stop & Shop Light Yogurt Raspberry Non Fat", "cnid": "899", "productId": "57626", "size": "6 oz cup"},
{"thumb": "http://i4.peapod.com/c/KK/KKNHZ.gif", "price": "50", "unit_price": "$.08/ oz", "name": "Stop & Shop Light Yogurt Strawberry Banana Non Fat", "cnid": "899", "productId": "57624", "size": "6 oz cup"},
{"thumb": "http://i4.peapod.com/c/KK/KKNHZ.gif", "price": "50", "unit_price": "$.08/ oz", "name": "Stop & Shop Light Yogurt Strawberry Non Fat", "cnid": "899", "productId": "57630", "size": "6 oz cup"},
{"thumb": "http://i4.peapod.com/c/KK/KKNHZ.gif", "price": "50", "unit_price": "$.08/ oz", "name": "Stop & Shop Light Yogurt Vanilla Non Fat", "cnid": "899", "productId": "57631", "size": "6 oz cup"},
{"thumb": "http://i4.peapod.com/c/KK/KKNHZ.gif", "price": "250", "unit_price": "$.17/ oz", "name": "YoCrunch 100 Calorie Packs Yogurt Vanilla w/Choc Chip Cookie Pieces - 4 ct", "cnid": "899", "productId": "154339", "size": "15 oz pkg"},
{"thumb": "http://i4.peapod.com/c/KK/KKNHZ.gif", "price": "80", "unit_price": "$.13/ oz", "name": "YoCrunch Yogurt Cookies n' Cream with Oreo Cookies Low Fat", "cnid": "899", "productId": "117873", "size": "6 oz cup"},
{"thumb": "http://i4.peapod.com/c/KK/KKNHZ.gif", "price": "80", "unit_price": "$.13/ oz", "name": "YoCrunch Yogurt Vanilla with M&M's Minis Low Fat", "cnid": "899", "productId": "136259", "size": "6 oz cup"},
{"thumb": "http://i4.peapod.com/c/KK/KKNHZ.gif", "price": "80", "unit_price": "$.13/ oz", "name": "YoCrunch Yogurt Vanilla with Reese's Pieces Minis Topping Low Fat", "cnid": "899", "productId": "128221", "size": "6 oz cup"},
{"thumb": "http://i4.peapod.com/c/KK/KKNHZ.gif", "price": "299", "unit_price": "$.17/ oz", "name": "Yoplait Go-GURT Portable Yogurt Strawberry Splash & Berry Blue - 8 ct", "cnid": "899", "productId": "100823", "size": "18 oz pkg"},
{"thumb": "http://i4.peapod.com/c/KK/KKNHZ.gif", "price": "133", "unit_price": "$.25/ oz", "name": "Yoplait Greek 100 Cal Fruit on the Bottom Yogurt Black Cherry Fat Free", "cnid": "899", "productId": "190753", "size": "5.3 oz cup"},
{"thumb": "http://i4.peapod.com/c/KK/KKNHZ.gif", "price": "133", "unit_price": "$.25/ oz", "name": "Yoplait Greek 100 Calories Fruit on the Bottom Yogurt Mixed Berry Fat Free", "cnid": "899", "productId": "190755", "size": "5.3 oz cup"},
{"thumb": "http://i4.peapod.com/c/KK/KKNHZ.gif", "price": "133", "unit_price": "$.25/ oz", "name": "Yoplait Greek 100 Calories Fruit on the Bottom Yogurt Peach Fat Free", "cnid": "899", "productId": "190756", "size": "5.3 oz cup"},
{"thumb": "http://i4.peapod.com/c/KK/KKNHZ.gif", "price": "133", "unit_price": "$.25/ oz", "name": "Yoplait Greek 100 Calories Fruit on the Bottom Yogurt Strawberry Fat Free", "cnid": "899", "productId": "190757", "size": "5.3 oz cup"},
{"thumb": "http://i4.peapod.com/c/KK/KKNHZ.gif", "price": "133", "unit_price": "$.25/ oz", "name": "Yoplait Greek 100 Calories Yogurt Key Lime Fat Free", "cnid": "899", "productId": "190754", "size": "5.3 oz cup"},
{"thumb": "http://i4.peapod.com/c/KK/KKNHZ.gif", "price": "133", "unit_price": "$.25/ oz", "name": "Yoplait Greek 100 Calories Yogurt Vanilla Fat Free", "cnid": "899", "productId": "190758", "size": "5.3 oz cup"},
{"thumb": "http://i4.peapod.com/c/KK/KKNHZ.gif", "price": "229", "unit_price": "$.19/ oz", "name": "Yoplait Kids Yogurt Royal Strawberry Banana Low Fat - 4 ct", "cnid": "899", "productId": "162155", "size": "12 oz pkg"},
{"thumb": "http://i4.peapod.com/c/KK/KKNHZ.gif", "price": "229", "unit_price": "$.19/ oz", "name": "Yoplait Kids Yogurt Strawberry Low Fat - 4 ct", "cnid": "899", "productId": "161881", "size": "12 oz pkg"},
{"thumb": "http://i4.peapod.com/c/KK/KKNHZ.gif", "price": "80", "unit_price": "$.13/ oz", "name": "Yoplait Light Yogurt Blueberry Fat Free", "cnid": "899", "productId": "11045", "size": "6 oz cup"},
{"thumb": "http://i4.peapod.com/c/KK/KKNHZ.gif", "price": "80", "unit_price": "$.13/ oz", "name": "Yoplait Light Yogurt Boston Cream Pie Fat Free", "cnid": "899", "productId": "40013", "size": "6 oz cup"},
{"thumb": "http://i4.peapod.com/c/KK/KKNHZ.gif", "price": "80", "unit_price": "$.13/ oz", "name": "Yoplait Light Yogurt Harvest Peach Fat Free", "cnid": "899", "productId": "8089", "size": "6 oz cup"},
{"thumb": "http://i4.peapod.com/c/KK/KKNHZ.gif", "price": "80", "unit_price": "$.13/ oz", "name": "Yoplait Light Yogurt Key Lime Pie Fat Free", "cnid": "899", "productId": "44910", "size": "6 oz cup"},
{"thumb": "http://i4.peapod.com/c/KK/KKNHZ.gif", "price": "80", "unit_price": "$.13/ oz", "name": "Yoplait Light Yogurt Lemon Cream Pie Fat Free", "cnid": "899", "productId": "44912", "size": "6 oz cup"},
{"thumb": "http://i4.peapod.com/c/KK/KKNHZ.gif", "price": "80", "unit_price": "$.13/ oz", "name": "Yoplait Light Yogurt Orange Creme Fat Free", "cnid": "899", "productId": "123385", "size": "6 oz cup"},
{"thumb": "http://i4.peapod.com/c/KK/KKNHZ.gif", "price": "80", "unit_price": "$.13/ oz", "name": "Yoplait Light Yogurt Pineapple Upside Down Cake Fat Free", "cnid": "899", "productId": "151385", "size": "6 oz cup"},
{"thumb": "http://i4.peapod.com/c/KK/KKNHZ.gif", "price": "80", "unit_price": "$.13/ oz", "name": "Yoplait Light Yogurt Red Raspberry Fat Free", "cnid": "899", "productId": "8087", "size": "6 oz cup"},
{"thumb": "http://i4.peapod.com/c/KK/KKNHZ.gif", "price": "80", "unit_price": "$.13/ oz", "name": "Yoplait Light Yogurt Red Velvet Cake Fat Free", "cnid": "899", "productId": "157520", "size": "6 oz cup"},
{"thumb": "http://i4.peapod.com/c/KK/KKNHZ.gif", "price": "80", "unit_price": "$.13/ oz", "name": "Yoplait Light Yogurt Strawberry Banana Fat Free", "cnid": "899", "productId": "8088", "size": "6 oz cup"},
{"thumb": "http://i4.peapod.com/c/KK/KKNHZ.gif", "price": "80", "unit_price": "$.13/ oz", "name": "Yoplait Light Yogurt Strawberry Fat Free", "cnid": "899", "productId": "8086", "size": "6 oz cup"},
{"thumb": "http://i4.peapod.com/c/KK/KKNHZ.gif", "price": "80", "unit_price": "$.13/ oz", "name": "Yoplait Light Yogurt Very Vanilla Fat Free", "cnid": "899", "productId": "123387", "size": "6 oz cup"},
{"thumb": "http://i4.peapod.com/c/KK/KKNHZ.gif", "price": "80", "unit_price": "$.13/ oz", "name": "Yoplait Original Yogurt Blackberry Harvest 99% Fat Free", "cnid": "899", "productId": "123388", "size": "6 oz cup"},
{"thumb": "http://i4.peapod.com/c/KK/KKNHZ.gif", "price": "80", "unit_price": "$.13/ oz", "name": "Yoplait Original Yogurt Cherry Orchard 99% Fat Free", "cnid": "899", "productId": "8079", "size": "6 oz cup"},
{"thumb": "http://i4.peapod.com/c/KK/KKNHZ.gif", "price": "80", "unit_price": "$.13/ oz", "name": "Yoplait Original Yogurt French Vanilla 99% Fat Free", "cnid": "899", "productId": "89239", "size": "6 oz cup"},
{"thumb": "http://i4.peapod.com/c/KK/KKNHZ.gif", "price": "80", "unit_price": "$.13/ oz", "name": "Yoplait Original Yogurt Harvest Peach 99% Fat Free", "cnid": "899", "productId": "8081", "size": "6 oz cup"},
{"thumb": "http://i4.peapod.com/c/KK/KKNHZ.gif", "price": "80", "unit_price": "$.13/ oz", "name": "Yoplait Original Yogurt Key Lime Pie 99% Fat Free", "cnid": "899", "productId": "44911", "size": "6 oz cup"},
{"thumb": "http://i4.peapod.com/c/KK/KKNHZ.gif", "price": "80", "unit_price": "$.13/ oz", "name": "Yoplait Original Yogurt Moutain Blueberry 99% Fat Free", "cnid": "899", "productId": "8078", "size": "6 oz cup"},
{"thumb": "http://i4.peapod.com/c/KK/KKNHZ.gif", "price": "80", "unit_price": "$.13/ oz", "name": "Yoplait Original Yogurt Red Raspberry 99% Fat Free", "cnid": "899", "productId": "8077", "size": "6 oz cup"},
{"thumb": "http://i4.peapod.com/c/KK/KKNHZ.gif", "price": "80", "unit_price": "$.13/ oz", "name": "Yoplait Original Yogurt Strawberry 99% Fat Free", "cnid": "899", "productId": "8076", "size": "6 oz cup"},
{"thumb": "http://i4.peapod.com/c/KK/KKNHZ.gif", "price": "80", "unit_price": "$.13/ oz", "name": "Yoplait Original Yogurt Strawberry Banana 99% Fat Free", "cnid": "899", "productId": "8084", "size": "6 oz cup"},
{"thumb": "http://i4.peapod.com/c/KK/KKNHZ.gif", "price": "399", "unit_price": "$.52/ oz", "name": "Yoplait Strawberry Banana Smoothie Mix Frozen", "cnid": "899", "productId": "155740", "size": "7.6 oz pkg"},
{"thumb": "http://i4.peapod.com/c/KK/KKNHZ.gif", "price": "80", "unit_price": "$.13/ oz", "name": "Yoplait Thick & Creamy Yogurt Strawberry Banana Low Fat", "cnid": "899", "productId": "113627", "size": "6 oz cup"},
{"thumb": "http://i4.peapod.com/c/KK/KKNHZ.gif", "price": "80", "unit_price": "$.13/ oz", "name": "Yoplait Thick & Creamy Yogurt Vanilla Low Fat", "cnid": "899", "productId": "8068", "size": "6 oz cup"},
{"thumb": "http://i4.peapod.com/c/KK/KKNHZ.gif", "price": "399", "unit_price": "$.52/ oz", "name": "Yoplait Triple Berry Smoothie Mix Frozen", "cnid": "899", "productId": "155741", "size": "7.6 oz pkg"},
{"thumb": "http://i4.peapod.com/c/KK/KKNHZ.gif", "price": "249", "unit_price": "$.16/ oz", "name": "Yoplait Trix Yogurt Cotton Candy Low Fat - 4 ct", "cnid": "899", "productId": "116373", "size": "16 oz pkg"},
{"thumb": "http://i4.peapod.com/c/KK/KKNHZ.gif", "price": "249", "unit_price": "$.16/ oz", "name": "Yoplait Trix Yogurt Strawberry Banana Bash Low Fat - 4 ct", "cnid": "899", "productId": "34514", "size": "16 oz pkg"},
{"thumb": "http://i4.peapod.com/c/KK/KKNHZ.gif", "price": "249", "unit_price": "$.16/ oz", "name": "Yoplait Trix Yogurt Strawberry Punch Low Fat - 4 ct", "cnid": "899", "productId": "186445", "size": "16 oz pkg"},
{"thumb": "http://i4.peapod.com/c/KK/KKNHZ.gif", "price": "249", "unit_price": "$.16/ oz", "name": "Yoplait Trix Yogurt Triple Cherry Low Fat - 4 ct", "cnid": "899", "productId": "34513", "size": "16 oz pkg"},
{"thumb": "http://i4.peapod.com/c/KK/KKNHZ.gif", "price": "80", "unit_price": "$.20/ oz", "name": "Yoplait Whips Yogurt Chocolate Mousse", "cnid": "899", "productId": "138168", "size": "4 oz cup"},
{"thumb": "http://i4.peapod.com/c/KK/KKNHZ.gif", "price": "80", "unit_price": "$.20/ oz", "name": "Yoplait Whips Yogurt Orange Creme", "cnid": "899", "productId": "126572", "size": "4 oz cup"},
{"thumb": "http://i4.peapod.com/c/KK/KKNHZ.gif", "price": "80", "unit_price": "$.20/ oz", "name": "Yoplait Whips Yogurt Strawberry Mist Light & Fluffy", "cnid": "899", "productId": "126576", "size": "4 oz cup"},
{"thumb": "http://i4.peapod.com/c/KK/KKNHZ.gif", "price": "249", "unit_price": "$.31/ oz", "name": "Cool Whip Whipped Topping Original Frozen", "cnid": "898", "productId": "5922", "size": "8 oz tub"},
{"thumb": "http://i4.peapod.com/c/KK/KKNHZ.gif", "price": "250", "unit_price": "$.38/ oz", "name": "Reddi Wip Dairy Whipped Topping Extra Creamy Aerosol Refrigerated", "cnid": "898", "productId": "19956", "size": "6.5 oz can"},
{"thumb": "http://i4.peapod.com/c/KK/KKNHZ.gif", "price": "250", "unit_price": "$.38/ oz", "name": "Reddi Wip Dairy Whipped Topping Fat Free Aerosol Refrigerated", "cnid": "898", "productId": "61584", "size": "6.5 oz can"},
{"thumb": "http://i4.peapod.com/c/KK/KKNHZ.gif", "price": "515", "unit_price": "$.40/ oz", "name": "Reddi Wip Dairy Whipped Topping Original Aerosol Refrigerated", "cnid": "898", "productId": "2787", "size": "13 oz can"},
{"thumb": "http://i4.peapod.com/c/KK/KKNHZ.gif", "price": "250", "unit_price": "$.38/ oz", "name": "Reddi Wip Dairy Whipped Topping Original Aerosol Refrigerated", "cnid": "898", "productId": "30802", "size": "6.5 oz can"},
{"thumb": "http://i4.peapod.com/c/KK/KKNHZ.gif", "price": "399", "unit_price": "$.31/ oz", "name": "Stop & Shop Dairy Whipped Topping Sweetened Aerosol Refrigerated", "cnid": "898", "productId": "138876", "size": "13 oz can"},
{"thumb": "http://i4.peapod.com/c/KK/KKNHZ.gif", "price": "399", "unit_price": "$15.96/ lb", "name": "Alouette Blue Cheese Crumbled", "cnid": "3040", "productId": "186011", "size": "4 oz tub"},
{"thumb": "http://i4.peapod.com/c/KK/KKNHZ.gif", "price": "399", "unit_price": "$15.96/ lb", "name": "Alouette Feta Cheese Freshly Crumbled", "cnid": "3040", "productId": "155751", "size": "4 oz tub"},
{"thumb": "http://i4.peapod.com/c/KK/KKNHZ.gif", "price": "399", "unit_price": "$15.96/ lb", "name": "Alouette Goat Cheese Freshly Crumbled", "cnid": "3040", "productId": "155750", "size": "4 oz tub"},
{"thumb": "http://i4.peapod.com/c/KK/KKNHZ.gif", "price": "599", "unit_price": "$19.32/ lb", "name": "Alouette Spreadable Cheese Creme de Brie Original", "cnid": "3040", "productId": "60871", "size": "5 oz pkg"},
{"thumb": "http://i4.peapod.com/c/KK/KKNHZ.gif", "price": "599", "unit_price": "$14.61/ lb", "name": "Alouette Spreadable Cheese Garlic & Herbs", "cnid": "3040", "productId": "15783", "size": "6.5 oz tub"},
{"thumb": "http://i4.peapod.com/c/KK/KKNHZ.gif", "price": "599", "unit_price": "$14.61/ lb", "name": "Alouette Spreadable Cheese Garlic & Herbs Light", "cnid": "3040", "productId": "51115", "size": "6.5 oz tub"},
{"thumb": "http://i4.peapod.com/c/KK/KKNHZ.gif", "price": "449", "unit_price": "$8.99/ lb", "name": "Alpine Lace Deli Swiss Cheese Reduced Fat (Regular Sliced)", "cnid": "3040", "productId": "116528", "size": "apx 1/2 lb"},
{"thumb": "http://i4.peapod.com/c/KK/KKNHZ.gif", "price": "449", "unit_price": "$8.99/ lb", "name": "Alpine Lace Deli Swiss Cheese Reduced Fat (Thin Sliced)", "cnid": "3040", "productId": "157748", "size": "apx 1/2 lb"},
{"thumb": "http://i4.peapod.com/c/KK/KKNHZ.gif", "price": "599", "unit_price": "$11.98/ lb", "name": "Apple Smoked Cheddar Cheese Smoked Chunk", "cnid": "3040", "productId": "160611", "size": "8 oz bar"},
{"thumb": "http://i4.peapod.com/c/KK/KKNHZ.gif", "price": "559", "unit_price": "$11.18/ lb", "name": "Apple Smoked Mozzarella Cheese Smoked Chunk", "cnid": "3040", "productId": "160612", "size": "8 oz pkg"},
{"thumb": "http://i4.peapod.com/c/KK/KKNHZ.gif", "price": "499", "unit_price": "$9.98/ lb", "name": "Athenos Feta Cheese Traditional Chunk", "cnid": "3040", "productId": "22923", "size": "8 oz pkg"},
{"thumb": "http://i4.peapod.com/c/KK/KKNHZ.gif", "price": "374", "unit_price": "$7.49/ lb", "name": "Athenos Feta Cheese Traditional Crumbled", "cnid": "3040", "productId": "123615", "size": "apx 1/2 lb"},
{"thumb": "http://i4.peapod.com/c/KK/KKNHZ.gif", "price": "699", "unit_price": "$13.99/ lb", "name": "Auricchio Provolone Cheese Mild Imported Chunk", "cnid": "3040", "productId": "130975", "size": "apx 1/2 lb"},
{"thumb": "http://i4.peapod.com/c/KK/KKNHZ.gif", "price": "499", "unit_price": "$9.98/ lb", "name": "BelGioioso Mascarpone Cheese", "cnid": "3040", "productId": "80779", "size": "8 oz tub"},
{"thumb": "http://i4.peapod.com/c/KK/KKNHZ.gif", "price": "499", "unit_price": "$9.98/ lb", "name": "BelGioioso Mozzarella Cheese All Natural Fresh", "cnid": "3040", "productId": "143244", "size": "8 oz pkg"},
{"thumb": "http://i4.peapod.com/c/KK/KKNHZ.gif", "price": "799", "unit_price": "$7.99/ lb", "name": "BelGioioso Mozzarella Cheese Log Fresh", "cnid": "3040", "productId": "138218", "size": "16 oz pkg"},
{"thumb": "http://i4.peapod.com/c/KK/KKNHZ.gif", "price": "824", "unit_price": "$10.99/ lb", "name": "BelGioioso Provolone Cheese Sharp Chunk", "cnid": "3040", "productId": "130968", "size": "apx 3/4 lb"},
{"thumb": "http://i4.peapod.com/c/KK/KKNHZ.gif", "price": "799", "unit_price": "$14.27/ lb", "name": "Boar's Head Master Cheesemaker's Fontina Cheese Swedish Style Chunk", "cnid": "3040", "productId": "154401", "size": "9 oz pkg"},
{"thumb": "http://i4.peapod.com/c/KK/KKNHZ.gif", "price": "699", "unit_price": "$13.98/ lb", "name": "Boar's Head Master Cheesemaker's Gouda Cheese Chunk", "cnid": "3040", "productId": "154402", "size": "8 oz pkg"},
{"thumb": "http://i4.peapod.com/c/KK/KKNHZ.gif", "price": "829", "unit_price": "$16.58/ lb", "name": "Boar's Head Master Cheesemaker's Gruyere Cheese Chunk", "cnid": "3040", "productId": "154403", "size": "8 oz pkg"},
{"thumb": "http://i4.peapod.com/c/KK/KKNHZ.gif", "price": "799", "unit_price": "$15.98/ lb", "name": "Boar's Head Master Cheesemaker's Havarti Cheese Cream Chunk", "cnid": "3040", "productId": "154451", "size": "8 oz pkg"},
{"thumb": "http://i4.peapod.com/c/KK/KKNHZ.gif", "price": "799", "unit_price": "$15.98/ lb", "name": "Boar's Head Master Cheesemaker's Havarti Cheese Cream w/Dill Chunk", "cnid": "3040", "productId": "157248", "size": "8 oz pkg"},
{"thumb": "http://i4.peapod.com/c/KK/KKNHZ.gif", "price": "599", "unit_price": "$11.98/ lb", "name": "Boar's Head Master Cheesemaker's Monterey Jack Cheese Chunk", "cnid": "3040", "productId": "154447", "size": "8 oz pkg"},
{"thumb": "http://i4.peapod.com/c/KK/KKNHZ.gif", "price": "699", "unit_price": "$13.98/ lb", "name": "Boar's Head Master Cheesemaker's Monterey Jack Cheese w/Jalapeno Chunk", "cnid": "3040", "productId": "154449", "size": "8 oz bar"},
{"thumb": "http://i4.peapod.com/c/KK/KKNHZ.gif", "price": "699", "unit_price": "$13.98/ lb", "name": "Boar's Head Master Cheesemaker's Muenster Cheese Chunk", "cnid": "3040", "productId": "154448", "size": "8 oz pkg"},
{"thumb": "http://i4.peapod.com/c/KK/KKNHZ.gif", "price": "699", "unit_price": "$12.48/ lb", "name": "Boar's Head Master Cheesemaker's Swiss Cheese Gold Label Chunk", "cnid": "3040", "productId": "154404", "size": "9 oz bar"},
{"thumb": "http://i4.peapod.com/c/KK/KKNHZ.gif", "price": "899", "unit_price": "$11.99/ lb", "name": "Boar's Head Provolone Picante Cheese Chunk", "cnid": "3040", "productId": "154450", "size": "12 oz pkg"},
{"thumb": "http://i4.peapod.com/c/KK/KKNHZ.gif", "price": "649", "unit_price": "$19.67/ lb", "name": "Boursin Gournay Cheese Garlic & Fine Herbs", "cnid": "3040", "productId": "23239", "size": "5.2 oz pkg"},
{"thumb": "http://i4.peapod.com/c/KK/KKNHZ.gif", "price": "666", "unit_price": "$9.99/ lb", "name": "Cabot Cheddar Cheese 50% Light Chunk", "cnid": "3040", "productId": "130987", "size": "apx 2/3 lb"},
{"thumb": "http://i4.peapod.com/c/KK/KKNHZ.gif", "price": "666", "unit_price": "$9.99/ lb", "name": "Cabot Cheddar Cheese 75% Light Chunk", "cnid": "3040", "productId": "130988", "size": "apx 2/3 lb"},
{"thumb": "http://i4.peapod.com/c/KK/KKNHZ.gif", "price": "749", "unit_price": "$9.99/ lb", "name": "Cabot Cheddar Cheese Extra Sharp Chunk", "cnid": "3040", "productId": "39095", "size": "apx 3/4 lb"},
{"thumb": "http://i4.peapod.com/c/KK/KKNHZ.gif", "price": "666", "unit_price": "$9.99/ lb", "name": "Cabot Cheddar Cheese Garlic & Dill Chunk", "cnid": "3040", "productId": "154388", "size": "apx 2/3 lb"},
{"thumb": "http://i4.peapod.com/c/KK/KKNHZ.gif", "price": "666", "unit_price": "$9.99/ lb", "name": "Cabot Cheddar Cheese Habanero Chunk", "cnid": "3040", "productId": "130989", "size": "apx 2/3 lb"},
{"thumb": "http://i4.peapod.com/c/KK/KKNHZ.gif", "price": "666", "unit_price": "$9.99/ lb", "name": "Cabot Cheddar Cheese Horseradish Chunk", "cnid": "3040", "productId": "154389", "size": "apx 2/3 lb"},
{"thumb": "http://i4.peapod.com/c/KK/KKNHZ.gif", "price": "666", "unit_price": "$9.99/ lb", "name": "Cabot Cheddar Cheese Seriously Sharp Hunters' Favorite Chunk", "cnid": "3040", "productId": "130990", "size": "apx 2/3 lb"},
{"thumb": "http://i4.peapod.com/c/KK/KKNHZ.gif", "price": "666", "unit_price": "$9.99/ lb", "name": "Cabot Cheddar Cheese Sharp White Chunk", "cnid": "3040", "productId": "130992", "size": "apx 2/3 lb"},
{"thumb": "http://i4.peapod.com/c/KK/KKNHZ.gif", "price": "599", "unit_price": "$18.15/ lb", "name": "Chavrie Goat Cheese Pure Milk", "cnid": "3040", "productId": "27242", "size": "5.3 oz pkg"},
{"thumb": "http://i4.peapod.com/c/KK/KKNHZ.gif", "price": "599", "unit_price": "$11.99/ lb", "name": "Coeur de Lion Le Brie Cheese", "cnid": "3040", "productId": "138024", "size": "apx 1/2 lb"},
{"thumb": "http://i4.peapod.com/c/KK/KKNHZ.gif", "price": "649", "unit_price": "$12.99/ lb", "name": "Deli Emmentaler Cheese Chunk", "cnid": "3040", "productId": "131019", "size": "apx 1/2 lb"},
{"thumb": "http://i4.peapod.com/c/KK/KKNHZ.gif", "price": "549", "unit_price": "$10.99/ lb", "name": "Deli Fontina Cheese Danish Chunk", "cnid": "3040", "productId": "131015", "size": "apx 1/2 lb"},
{"thumb": "http://i4.peapod.com/c/KK/KKNHZ.gif", "price": "899", "unit_price": "$11.99/ lb", "name": "Deli Gouda Cheese Smoked Chunk", "cnid": "3040", "productId": "126784", "size": "apx 3/4 lb"},
{"thumb": "http://i4.peapod.com/c/KK/KKNHZ.gif", "price": "349", "unit_price": "$6.99/ lb", "name": "Deli Muenster Cheese Domestic Chunk", "cnid": "3040", "productId": "131021", "size": "apx 1/2 lb"},
{"thumb": "http://i4.peapod.com/c/KK/KKNHZ.gif", "price": "1274", "unit_price": "$16.99/ lb", "name": "Deli Parmigiano Reggiano Cheese Chunk", "cnid": "3040", "productId": "17182", "size": "apx 3/4 lb"},
{"thumb": "http://i4.peapod.com/c/KK/KKNHZ.gif", "price": "674", "unit_price": "$8.99/ lb", "name": "Deli Romano Pecorino Cheese Chunk", "cnid": "3040", "productId": "84001", "size": "apx 3/4 lb"},
{"thumb": "http://i4.peapod.com/c/KK/KKNHZ.gif", "price": "479", "unit_price": "$12.60/ lb", "name": "DiGiorno Parmesan Cheese Shredded", "cnid": "3040", "productId": "80352", "size": "6 oz tub"},
{"thumb": "http://i4.peapod.com/c/KK/KKNHZ.gif", "price": "479", "unit_price": "$12.60/ lb", "name": "DiGiorno Romano Cheese Shredded", "cnid": "3040", "productId": "80354", "size": "6 oz tub"},
{"thumb": "http://i4.peapod.com/c/KK/KKNHZ.gif", "price": "499", "unit_price": "$7.92/ lb", "name": "Dofino Gouda Cheese Wedge", "cnid": "3040", "productId": "158718", "size": "10 oz pkg"},
{"thumb": "http://i4.peapod.com/c/KK/KKNHZ.gif", "price": "824", "unit_price": "$16.49/ lb", "name": "Emmi Gruyere Swiss Cheese Chunk", "cnid": "3040", "productId": "158752", "size": "apx 1/2 lb"},
{"thumb": "http://i4.peapod.com/c/KK/KKNHZ.gif", "price": "1299", "unit_price": "$.93/ oz", "name": "Fondue Cheese", "cnid": "3040", "productId": "131029", "size": "14 oz pkg"},
{"thumb": "http://i4.peapod.com/c/KK/KKNHZ.gif", "price": "599", "unit_price": "$11.99/ lb", "name": "Frico Deli Gouda Cheese Smoked Chunk", "cnid": "3040", "productId": "158746", "size": "apx 1/2 lb"},
{"thumb": "http://i4.peapod.com/c/KK/KKNHZ.gif", "price": "499", "unit_price": "$9.98/ lb", "name": "Galbani Mozzarella Fresca Mozzarella Cheese All Natural Fresh", "cnid": "3040", "productId": "186031", "size": "8 oz pkg"},
{"thumb": "http://i4.peapod.com/c/KK/KKNHZ.gif", "price": "799", "unit_price": "$7.99/ lb", "name": "Galbani Mozzarella Fresca Mozzarella Cheese Log All Natural Fresh", "cnid": "3040", "productId": "186032", "size": "16 oz pkg"},
{"thumb": "http://i4.peapod.com/c/KK/KKNHZ.gif", "price": "649", "unit_price": "$12.99/ lb", "name": "Ile De France Brie Cheese Chunk", "cnid": "3040", "productId": "131054", "size": "apx 1/2 lb"},
{"thumb": "http://i4.peapod.com/c/KK/KKNHZ.gif", "price": "424", "unit_price": "$8.49/ lb", "name": "Jarlsberg Deli Swiss Cheese (Thin Sliced)", "cnid": "3040", "productId": "157718", "size": "apx 1/2 lb"},
{"thumb": "http://i4.peapod.com/c/KK/KKNHZ.gif", "price": "524", "unit_price": "$6.99/ lb", "name": "Jarlsberg Deli Swiss Cheese Chunk", "cnid": "3040", "productId": "9973", "size": "apx 3/4 lb"},
{"thumb": "http://i4.peapod.com/c/KK/KKNHZ.gif", "price": "349", "unit_price": "$6.99/ lb", "name": "Jarlsberg Deli Swiss Cheese Lite (Regular Sliced)", "cnid": "3040", "productId": "106857", "size": "apx 1/2 lb"},
{"thumb": "http://i4.peapod.com/c/KK/KKNHZ.gif", "price": "449", "unit_price": "$7.13/ lb", "name": "Kaukauna Spreadable Cheese Cheddar Sharp Log", "cnid": "3040", "productId": "161168", "size": "10 oz pkg"},
{"thumb": "http://i4.peapod.com/c/KK/KKNHZ.gif", "price": "449", "unit_price": "$7.13/ lb", "name": "Kaukauna Spreadable Cheese Cheddar Sharp with Almonds Ball", "cnid": "3040", "productId": "161167", "size": "10 oz pkg"},
{"thumb": "http://i4.peapod.com/c/KK/KKNHZ.gif", "price": "449", "unit_price": "$7.13/ lb", "name": "Kaukauna Spreadable Cheese Port Wine Log", "cnid": "3040", "productId": "161170", "size": "10 oz pkg"},
{"thumb": "http://i4.peapod.com/c/KK/KKNHZ.gif", "price": "449", "unit_price": "$7.13/ lb", "name": "Kaukauna Spreadable Cheese Port Wine with Almonds Ball", "cnid": "3040", "productId": "161169", "size": "10 oz pkg"},
{"thumb": "http://i4.peapod.com/c/KK/KKNHZ.gif", "price": "599", "unit_price": "$13.61/ lb", "name": "Kerrygold Blarney Castle Cheese Gouda Style Chunk 100% Natural", "cnid": "3040", "productId": "143243", "size": "7 oz bar"},
{"thumb": "http://i4.peapod.com/c/KK/KKNHZ.gif", "price": "599", "unit_price": "$13.61/ lb", "name": "Kerrygold Dubliner Cheese Chunk 100% Natural", "cnid": "3040", "productId": "138314", "size": "7 oz bar"},
{"thumb": "http://i4.peapod.com/c/KK/KKNHZ.gif", "price": "799", "unit_price": "$15.98/ lb", "name": "Locatelli Pecorino Romano Cheese Grated", "cnid": "3040", "productId": "154452", "size": "8 oz tub"},
{"thumb": "http://i4.peapod.com/c/KK/KKNHZ.gif", "price": "574", "unit_price": "$11.49/ lb", "name": "Montrachet Goat Cheese Crumbled", "cnid": "3040", "productId": "158717", "size": "apx 1/2 lb"},
{"thumb": "http://i4.peapod.com/c/KK/KKNHZ.gif", "price": "599", "unit_price": "$11.98/ lb", "name": "President Authentic Pub Cheese Cheddar & Horseradish", "cnid": "3040", "productId": "143031", "size": "8 oz tub"},
{"thumb": "http://i4.peapod.com/c/KK/KKNHZ.gif", "price": "499", "unit_price": "$9.98/ lb", "name": "President Authentic Pub Cheese Cheddar Sharp", "cnid": "3040", "productId": "139275", "size": "8 oz tub"},
{"thumb": "http://i4.peapod.com/c/KK/KKNHZ.gif", "price": "699", "unit_price": "$13.98/ lb", "name": "President Brie Cheese Baby Wheel", "cnid": "3040", "productId": "126885", "size": "8 oz pkg"},
{"thumb": "http://i4.peapod.com/c/KK/KKNHZ.gif", "price": "499", "unit_price": "$9.99/ lb", "name": "President Brie Cheese Domestic", "cnid": "3040", "productId": "131127", "size": "apx 1/2 lb"},
{"thumb": "http://i4.peapod.com/c/KK/KKNHZ.gif", "price": "699", "unit_price": "$18.40/ lb", "name": "President Brie Cheese Log", "cnid": "3040", "productId": "152085", "size": "6 oz pkg"},
{"thumb": "http://i4.peapod.com/c/KK/KKNHZ.gif", "price": "999", "unit_price": "$10.63/ lb", "name": "President Brie Cheese Mini", "cnid": "3040", "productId": "71592", "size": "15 oz pkg"},
{"thumb": "http://i4.peapod.com/c/KK/KKNHZ.gif", "price": "449", "unit_price": "$11.82/ lb", "name": "President Feta Cheese Crumbled", "cnid": "3040", "productId": "158715", "size": "6 oz pkg"},
{"thumb": "http://i4.peapod.com/c/KK/KKNHZ.gif", "price": "499", "unit_price": "$9.98/ lb", "name": "President Feta Cheese Fat Free Chunk", "cnid": "3040", "productId": "87163", "size": "8 oz pkg"},
{"thumb": "http://i4.peapod.com/c/KK/KKNHZ.gif", "price": "449", "unit_price": "$11.82/ lb", "name": "President Feta Cheese Fat Free Crumbles", "cnid": "3040", "productId": "138216", "size": "6 oz pkg"},
{"thumb": "http://i4.peapod.com/c/KK/KKNHZ.gif", "price": "599", "unit_price": "$11.98/ lb", "name": "President Pub Cheese Garlic & Herbs", "cnid": "3040", "productId": "139272", "size": "8 oz tub"},
{"thumb": "http://i4.peapod.com/c/KK/KKNHZ.gif", "price": "499", "unit_price": "$9.98/ lb", "name": "Rondele Gourmet Spreadable Cheese Garden Vegetable", "cnid": "3040", "productId": "84262", "size": "8 oz tub"},
{"thumb": "http://i4.peapod.com/c/KK/KKNHZ.gif", "price": "499", "unit_price": "$9.98/ lb", "name": "Rondele Gourmet Spreadable Cheese Garlic & Herbs Light", "cnid": "3040", "productId": "131132", "size": "8 oz tub"},
{"thumb": "http://i4.peapod.com/c/KK/KKNHZ.gif", "price": "549", "unit_price": "$10.99/ lb", "name": "Rosenborg Blue Cheese Chunk", "cnid": "3040", "productId": "130977", "size": "apx 1/2 lb"},
{"thumb": "http://i4.peapod.com/c/KK/KKNHZ.gif", "price": "874", "unit_price": "$13.99/ lb", "name": "Roth Kase Grand Cru Gruyere Cheese Chunk", "cnid": "3040", "productId": "67846", "size": "apx 10 oz"},
{"thumb": "http://i4.peapod.com/c/KK/KKNHZ.gif", "price": "528", "unit_price": "$15.99/ lb", "name": "Saint Andre Brie Cheese Triple Creme Wedge", "cnid": "3040", "productId": "131153", "size": "apx 1/3 lb"},
{"thumb": "http://i4.peapod.com/c/KK/KKNHZ.gif", "price": "449", "unit_price": "$8.99/ lb", "name": "Simply Enjoy Brie Cheese Double Creme Wedge", "cnid": "3040", "productId": "154911", "size": "apx 1/2 lb"},
{"thumb": "http://i4.peapod.com/c/KK/KKNHZ.gif", "price": "499", "unit_price": "$9.98/ lb", "name": "Simply Enjoy Brie Cheese Triple Creme", "cnid": "3040", "productId": "158714", "size": "8 oz pkg"},
{"thumb": "http://i4.peapod.com/c/KK/KKNHZ.gif", "price": "659", "unit_price": "$9.99/ lb", "name": "Stella Aged Fontinella Cheese Chunk", "cnid": "3040", "productId": "131146", "size": "apx 2/3 lb"},
{"thumb": "http://i4.peapod.com/c/KK/KKNHZ.gif", "price": "499", "unit_price": "$9.99/ lb", "name": "Stella Asiago Cheese Chunk", "cnid": "3040", "productId": "143245", "size": "apx 1/2 lb"},
{"thumb": "http://i4.peapod.com/c/KK/KKNHZ.gif", "price": "399", "unit_price": "$7.99/ lb", "name": "Stella Blue Cheese Crumbles", "cnid": "3040", "productId": "122415", "size": "apx 1/2 lb"},
{"thumb": "http://i4.peapod.com/c/KK/KKNHZ.gif", "price": "449", "unit_price": "$8.99/ lb", "name": "Stella Gorgonzola Cheese Chunk", "cnid": "3040", "productId": "9893", "size": "apx 1/2 lb"},
{"thumb": "http://i4.peapod.com/c/KK/KKNHZ.gif", "price": "399", "unit_price": "$7.99/ lb", "name": "Stella Gorgonzola Cheese Crumbles", "cnid": "3040", "productId": "131024", "size": "apx 1/2 lb"},
{"thumb": "http://i4.peapod.com/c/KK/KKNHZ.gif", "price": "659", "unit_price": "$9.99/ lb", "name": "Stella Italian Sharp Cheese Aged Chunk", "cnid": "3040", "productId": "131152", "size": "apx 2/3 lb"},
{"thumb": "http://i4.peapod.com/c/KK/KKNHZ.gif", "price": "499", "unit_price": "$7.49/ lb", "name": "Stop & Shop Cheddar Cheese Extra Sharp Vermont Chunk", "cnid": "3040", "productId": "154391", "size": "apx 2/3 lb"},
{"thumb": "http://i4.peapod.com/c/KK/KKNHZ.gif", "price": "466", "unit_price": "$6.99/ lb", "name": "Stop & Shop Cheddar Cheese New York Extra Sharp White Chunk Natural", "cnid": "3040", "productId": "138041", "size": "apx 2/3 lb"},
{"thumb": "http://i4.peapod.com/c/KK/KKNHZ.gif", "price": "466", "unit_price": "$6.99/ lb", "name": "Stop & Shop Cheddar Cheese New York Extra Sharp Yellow Chunk", "cnid": "3040", "productId": "57683", "size": "apx 2/3 lb"},
{"thumb": "http://i4.peapod.com/c/KK/KKNHZ.gif", "price": "749", "unit_price": "$9.99/ lb", "name": "Stop & Shop Deli Pecorino Romano Cheese Shredded", "cnid": "3040", "productId": "131137", "size": "apx 3/4 lb"},
{"thumb": "http://i4.peapod.com/c/KK/KKNHZ.gif", "price": "749", "unit_price": "$9.99/ lb", "name": "Stop & Shop Parmesan Cheese Grated", "cnid": "3040", "productId": "127355", "size": "apx 3/4 lb"},
{"thumb": "http://i4.peapod.com/c/KK/KKNHZ.gif", "price": "499", "unit_price": "$9.99/ lb", "name": "Stop & Shop Parmesan Cheese Shredded", "cnid": "3040", "productId": "56953", "size": "1/2 lb bag"},
{"thumb": "http://i4.peapod.com/c/KK/KKNHZ.gif", "price": "749", "unit_price": "$9.99/ lb", "name": "Stop & Shop Pecorino Romano Cheese Grated", "cnid": "3040", "productId": "127352", "size": "apx 3/4 lb"},
{"thumb": "http://i4.peapod.com/c/KK/KKNHZ.gif", "price": "369", "unit_price": "$9.71/ lb", "name": "The Laughing Cow Cheese Creamy Swiss Flavor Original Wedges - 8 ct", "cnid": "3040", "productId": "27409", "size": "6 oz pkg"},
{"thumb": "http://i4.peapod.com/c/KK/KKNHZ.gif", "price": "399", "unit_price": "$14.25/ lb", "name": "The Laughing Cow Mini Babybel Cheddar Cheese - 6 ct", "cnid": "3040", "productId": "5685", "size": "4.5 oz pkg"},
{"thumb": "http://i4.peapod.com/c/KK/KKNHZ.gif", "price": "399", "unit_price": "$14.25/ lb", "name": "The Laughing Cow Mini Babybel Cheese Light - 6 ct", "cnid": "3040", "productId": "26815", "size": "4.5 oz pkg"},
{"thumb": "http://i4.peapod.com/c/KK/KKNHZ.gif", "price": "399", "unit_price": "$14.25/ lb", "name": "The Laughing Cow Mini Babybel Cheese Original - 6 ct", "cnid": "3040", "productId": "5684", "size": "4.5 oz pkg"},
{"thumb": "http://i4.peapod.com/c/KK/KKNHZ.gif", "price": "449", "unit_price": "$8.98/ lb", "name": "WisPride Cheese Spreadable Cheddar Sharp", "cnid": "3040", "productId": "21957", "size": "8 oz tub"},
{"thumb": "http://i4.peapod.com/c/KK/KKNHZ.gif", "price": "199", "unit_price": "$.12/ oz", "name": "Breakstone's Sour Cream", "cnid": "897", "productId": "1731", "size": "16 oz tub"},
{"thumb": "http://i4.peapod.com/c/KK/KKNHZ.gif", "price": "199", "unit_price": "$.12/ oz", "name": "Breakstone's Sour Cream Reduced Fat", "cnid": "897", "productId": "1672", "size": "16 oz tub"},
{"thumb": "http://i4.peapod.com/c/KK/KKNHZ.gif", "price": "240", "unit_price": "$.15/ oz", "name": "Daisy Sour Cream Pure & Natural", "cnid": "897", "productId": "62678", "size": "16 oz tub"},
{"thumb": "http://i4.peapod.com/c/KK/KKNHZ.gif", "price": "239", "unit_price": "$.15/ oz", "name": "Hood Sour Cream All Natural", "cnid": "897", "productId": "35360", "size": "16 oz tub"},
{"thumb": "http://i4.peapod.com/c/KK/KKNHZ.gif", "price": "239", "unit_price": "$.15/ oz", "name": "Hood Sour Cream Low Fat", "cnid": "897", "productId": "35356", "size": "16 oz tub"},
{"thumb": "http://i4.peapod.com/c/KK/KKNHZ.gif", "price": "119", "unit_price": "$.15/ oz", "name": "Stop & Shop Sour Cream All Natural", "cnid": "897", "productId": "57585", "size": "8 oz tub"},
{"thumb": "http://i4.peapod.com/c/KK/KKNHZ.gif", "price": "199", "unit_price": "$.12/ oz", "name": "Stop & Shop Sour Cream All Natural", "cnid": "897", "productId": "57587", "size": "16 oz tub"},
{"thumb": "http://i4.peapod.com/c/KK/KKNHZ.gif", "price": "199", "unit_price": "$.12/ oz", "name": "Stop & Shop Sour Cream Fat Free", "cnid": "897", "productId": "77450", "size": "16 oz tub"},
{"thumb": "http://i4.peapod.com/c/KK/KKNHZ.gif", "price": "199", "unit_price": "$.12/ oz", "name": "Stop & Shop Sour Cream Light", "cnid": "897", "productId": "57589", "size": "16 oz tub"},
{"thumb": "http://i4.peapod.com/c/KK/KKNHZ.gif", "price": "379", "unit_price": "$.23/ oz", "name": "Nestle Toll House Cookie Dough Bar Chocolate Chip - 20 ct", "cnid": "889", "productId": "112741", "size": "16.5 oz pkg"},
{"thumb": "http://i4.peapod.com/c/KK/KKNHZ.gif", "price": "599", "unit_price": "$.17/ oz", "name": "Nestle Toll House Cookie Dough Scoop & Bake Chocolate Chip", "cnid": "889", "productId": "145845", "size": "36 oz tub"},
{"thumb": "http://i4.peapod.com/c/KK/KKNHZ.gif", "price": "349", "unit_price": "$.26/ oz", "name": "Pillsbury Bread Country Italian 10 Inch Loaf", "cnid": "889", "productId": "150726", "size": "13.2 oz pkg"},
{"thumb": "http://i4.peapod.com/c/KK/KKNHZ.gif", "price": "349", "unit_price": "$.32/ oz", "name": "Pillsbury Bread Crusty Loaf French 13 Inch Loaf", "cnid": "889", "productId": "1380", "size": "11 oz pkg"},
{"thumb": "http://i4.peapod.com/c/KK/KKNHZ.gif", "price": "349", "unit_price": "$.32/ oz", "name": "Pillsbury Breadsticks Original - 12 ct", "cnid": "889", "productId": "1379", "size": "11 oz pkg"},
{"thumb": "http://i4.peapod.com/c/KK/KKNHZ.gif", "price": "369", "unit_price": "$.22/ oz", "name": "Pillsbury Cookie Dough Chocolate Chip Flavored", "cnid": "889", "productId": "1388", "size": "16.5 oz pkg"},
{"thumb": "http://i4.peapod.com/c/KK/KKNHZ.gif", "price": "369", "unit_price": "$.22/ oz", "name": "Pillsbury Cookie Dough Peanut Butter", "cnid": "889", "productId": "148192", "size": "16.5 oz pkg"},
{"thumb": "http://i4.peapod.com/c/KK/KKNHZ.gif", "price": "369", "unit_price": "$.22/ oz", "name": "Pillsbury Cookie Dough Sugar", "cnid": "889", "productId": "1387", "size": "16.5 oz pkg"},
{"thumb": "http://i4.peapod.com/c/KK/KKNHZ.gif", "price": "349", "unit_price": "$.29/ oz", "name": "Pillsbury Crescent Dinner Rolls Dough Big & Buttery - 8 ct", "cnid": "889", "productId": "138260", "size": "12 oz pkg"},
{"thumb": "http://i4.peapod.com/c/KK/KKNHZ.gif", "price": "349", "unit_price": "$.29/ oz", "name": "Pillsbury Crescent Dinner Rolls Dough Big & Flaky - 8 ct", "cnid": "889", "productId": "135327", "size": "12 oz pkg"},
{"thumb": "http://i4.peapod.com/c/KK/KKNHZ.gif", "price": "299", "unit_price": "$.37/ oz", "name": "Pillsbury Crescent Dinner Rolls Dough Butter Flake - 8 ct", "cnid": "889", "productId": "132400", "size": "8 oz pkg"},
{"thumb": "http://i4.peapod.com/c/KK/KKNHZ.gif", "price": "299", "unit_price": "$.37/ oz", "name": "Pillsbury Crescent Dinner Rolls Dough Original - 8 ct", "cnid": "889", "productId": "1376", "size": "8 oz pkg"},
{"thumb": "http://i4.peapod.com/c/KK/KKNHZ.gif", "price": "299", "unit_price": "$.37/ oz", "name": "Pillsbury Crescent Dinner Rolls Dough Reduced Fat - 8 ct", "cnid": "889", "productId": "70015", "size": "8 oz pkg"},
{"thumb": "http://i4.peapod.com/c/KK/KKNHZ.gif", "price": "349", "unit_price": "$.31/ oz", "name": "Pillsbury Dinner Rolls - 8 ct", "cnid": "889", "productId": "52240", "size": "11.3 oz pkg"},
{"thumb": "http://i4.peapod.com/c/KK/KKNHZ.gif", "price": "279", "unit_price": "$.17/ oz", "name": "Pillsbury Grands! Biscuits Buttermilk Flaky Layers - 8 ct", "cnid": "889", "productId": "128561", "size": "16.3 oz pkg"},
{"thumb": "http://i4.peapod.com/c/KK/KKNHZ.gif", "price": "279", "unit_price": "$.17/ oz", "name": "Pillsbury Grands! Biscuits Buttermilk Homestyle - 8 ct", "cnid": "889", "productId": "14922", "size": "16.3 oz pkg"},
{"thumb": "http://i4.peapod.com/c/KK/KKNHZ.gif", "price": "279", "unit_price": "$.17/ oz", "name": "Pillsbury Grands! Biscuits Butter Tastin' Flaky Layers - 8 ct", "cnid": "889", "productId": "128562", "size": "16.3 oz pkg"},
{"thumb": "http://i4.peapod.com/c/KK/KKNHZ.gif", "price": "279", "unit_price": "$.17/ oz", "name": "Pillsbury Grands! Biscuits Original Flaky Layers - 8 ct", "cnid": "889", "productId": "14923", "size": "16.3 oz pkg"},
{"thumb": "http://i4.peapod.com/c/KK/KKNHZ.gif", "price": "449", "unit_price": "$.26/ oz", "name": "Pillsbury Grands! Rolls Cinnamon with Icing - 5 ct", "cnid": "889", "productId": "44164", "size": "17.5 oz pkg"},
{"thumb": "http://i4.peapod.com/c/KK/KKNHZ.gif", "price": "369", "unit_price": "$.26/ oz", "name": "Pillsbury Just Unroll Pie Crusts 9 Inch - 2 ct Refrigerated", "cnid": "889", "productId": "1431", "size": "14.1 oz box"},
{"thumb": "http://i4.peapod.com/c/KK/KKNHZ.gif", "price": "349", "unit_price": "$.25/ oz", "name": "Pillsbury Pizza Crust Dough Classic", "cnid": "889", "productId": "1375", "size": "13.8 oz pkg"},
{"thumb": "http://i4.peapod.com/c/KK/KKNHZ.gif", "price": "369", "unit_price": "$.23/ oz", "name": "Pillsbury Ready To Bake Cookie Dough Chocolate Chip - 20 ct", "cnid": "889", "productId": "128172", "size": "16 oz pkg"},
{"thumb": "http://i4.peapod.com/c/KK/KKNHZ.gif", "price": "299", "unit_price": "$.24/ oz", "name": "Pillsbury Rolls Cinnamon with Icing - 8 ct", "cnid": "889", "productId": "1383", "size": "12.4 oz pkg"},
{"thumb": "http://i4.peapod.com/c/KK/KKNHZ.gif", "price": "299", "unit_price": "$.24/ oz", "name": "Pillsbury Rolls Cinnamon with Icing Reduced Fat - 8 ct", "cnid": "889", "productId": "44172", "size": "12.4 oz pkg"},
{"thumb": "http://i4.peapod.com/c/KK/KKNHZ.gif", "price": "199", "unit_price": "$.12/ oz", "name": "Stop & Shop Pizza Dough Refrigerated", "cnid": "889", "productId": "151724", "size": "16 oz pkg"},
{"thumb": "http://i4.peapod.com/c/KK/KKNHZ.gif", "price": "199", "unit_price": "$.12/ oz", "name": "Stop & Shop Pizza Dough Whole Wheat Refrigerated", "cnid": "889", "productId": "151725", "size": "16 oz pkg"},
{"thumb": "http://i4.peapod.com/c/KK/KKNHZ.gif", "price": "439", "unit_price": "$11.55/ lb", "name": "4C Parmesan & Romano Cheese 100% Natural Grated", "cnid": "851", "productId": "148244", "size": "6 oz jar"},
{"thumb": "http://i4.peapod.com/c/KK/KKNHZ.gif", "price": "499", "unit_price": "$.62/ oz", "name": "4C Parmesan & Romano Cheese Grated 100% Natural", "cnid": "851", "productId": "36904", "size": "8 oz can"},
{"thumb": "http://i4.peapod.com/c/KK/KKNHZ.gif", "price": "439", "unit_price": "$.73/ oz", "name": "4C Parmesan Cheese Grated 100% Natural", "cnid": "851", "productId": "36905", "size": "6 oz jar"},
{"thumb": "http://i4.peapod.com/c/KK/KKNHZ.gif", "price": "499", "unit_price": "$.62/ oz", "name": "4C Parmesan Cheese Grated 100% Natural", "cnid": "851", "productId": "36903", "size": "8 oz can"},
{"thumb": "http://i4.peapod.com/c/KK/KKNHZ.gif", "price": "499", "unit_price": "$9.98/ lb", "name": "Alpine Lace Swiss Cheese Reduced Fat Sliced", "cnid": "851", "productId": "155918", "size": "8 oz bag"},
{"thumb": "http://i4.peapod.com/c/KK/KKNHZ.gif", "price": "449", "unit_price": "$8.98/ lb", "name": "Applegate Naturals American Cheese White Sliced", "cnid": "851", "productId": "143256", "size": "8 oz pkg"},
{"thumb": "http://i4.peapod.com/c/KK/KKNHZ.gif", "price": "449", "unit_price": "$8.98/ lb", "name": "Applegate Naturals Cheddar Cheese Medium Sliced", "cnid": "851", "productId": "130036", "size": "8 oz pkg"},
{"thumb": "http://i4.peapod.com/c/KK/KKNHZ.gif", "price": "529", "unit_price": "$10.58/ lb", "name": "Applegate Naturals Emmentaler Swiss Cheese Sliced", "cnid": "851", "productId": "130037", "size": "8 oz pkg"},
{"thumb": "http://i4.peapod.com/c/KK/KKNHZ.gif", "price": "449", "unit_price": "$8.98/ lb", "name": "BelGioioso Provolone Cheese Mild Sliced", "cnid": "851", "productId": "130967", "size": "8 oz pkg"},
{"thumb": "http://i4.peapod.com/c/KK/KKNHZ.gif", "price": "359", "unit_price": "$7.18/ lb", "name": "Cabot Cheddar Cheese Seriously Sharp White", "cnid": "851", "productId": "128170", "size": "8 oz bar"},
{"thumb": "http://i4.peapod.com/c/KK/KKNHZ.gif", "price": "359", "unit_price": "$7.18/ lb", "name": "Cabot Cheddar Cheese Sharp 50% Reduced Fat", "cnid": "851", "productId": "35405", "size": "8 oz bar"},
{"thumb": "http://i4.peapod.com/c/KK/KKNHZ.gif", "price": "339", "unit_price": "$6.78/ lb", "name": "Cabot Cheddar Cheese Vermont Extra Sharp White", "cnid": "851", "productId": "35406", "size": "8 oz bar"},
{"thumb": "http://i4.peapod.com/c/KK/KKNHZ.gif", "price": "339", "unit_price": "$6.78/ lb", "name": "Cabot Colby Jack Cheese Chunk", "cnid": "851", "productId": "159217", "size": "8 oz bar"},
{"thumb": "http://i4.peapod.com/c/KK/KKNHZ.gif", "price": "549", "unit_price": "$2.74/ lb", "name": "Dragone Ricotta Cheese Part-Skim", "cnid": "851", "productId": "57612", "size": "32 oz tub"},
{"thumb": "http://i4.peapod.com/c/KK/KKNHZ.gif", "price": "549", "unit_price": "$2.74/ lb", "name": "Dragone Ricotta Cheese Whole Milk", "cnid": "851", "productId": "57610", "size": "32 oz tub"},
{"thumb": "http://i4.peapod.com/c/KK/KKNHZ.gif", "price": "399", "unit_price": "$9.07/ lb", "name": "Galaxy Foods Veggie Shreds Cheddar Flavor Soy Cheese Alternative", "cnid": "851", "productId": "124336", "size": "7 oz pkg"},
{"thumb": "http://i4.peapod.com/c/KK/KKNHZ.gif", "price": "399", "unit_price": "$9.07/ lb", "name": "Galaxy Foods Veggie Shreds Mozzarella Flavor Soy Cheese Alternative", "cnid": "851", "productId": "124337", "size": "7 oz pkg"},
{"thumb": "http://i4.peapod.com/c/KK/KKNHZ.gif", "price": "369", "unit_price": "$9.71/ lb", "name": "Galaxy Foods Veggie Shreds Parm, Mozzarella & Romano Cheese Alternative", "cnid": "851", "productId": "159442", "size": "6 oz pkg"},
{"thumb": "http://i4.peapod.com/c/KK/KKNHZ.gif", "price": "349", "unit_price": "$6.98/ lb", "name": "Galaxy Foods Veggie Slices American Flavor Soy Cheese Alternative - 12 ct", "cnid": "851", "productId": "124341", "size": "8 oz pkg"},
{"thumb": "http://i4.peapod.com/c/KK/KKNHZ.gif", "price": "349", "unit_price": "$7.59/ lb", "name": "Galaxy Foods Veggie Slices Cheddar Flavor Soy Cheese Alternative - 12 ct", "cnid": "851", "productId": "118800", "size": "7.3 oz pkg"},
{"thumb": "http://i4.peapod.com/c/KK/KKNHZ.gif", "price": "349", "unit_price": "$7.59/ lb", "name": "Galaxy Foods Veggie Slices Pepper Jack Flavor Soy Cheese Alternative-12 ct", "cnid": "851", "productId": "125721", "size": "7.3 oz pkg"},
{"thumb": "http://i4.peapod.com/c/KK/KKNHZ.gif", "price": "349", "unit_price": "$7.59/ lb", "name": "Galaxy Foods Veggie Slices Swiss Flavor Soy Cheese Alternative - 12 ct", "cnid": "851", "productId": "118801", "size": "7.3 oz pkg"},
{"thumb": "http://i4.peapod.com/c/KK/KKNHZ.gif", "price": "499", "unit_price": "$9.98/ lb", "name": "Galaxy Foods Veggie Topping Parmesan Flavor Soy Cheese Alternative Grated", "cnid": "851", "productId": "159443", "size": "8 oz btl"},
{"thumb": "http://i4.peapod.com/c/KK/KKNHZ.gif", "price": "399", "unit_price": "$7.98/ lb", "name": "Hoffman's Cheese Variety Pack Sliced", "cnid": "851", "productId": "125985", "size": "8 oz pkg"},
{"thumb": "http://i4.peapod.com/c/KK/KKNHZ.gif", "price": "469", "unit_price": "$9.38/ lb", "name": "Horizon Organic American Cheese Singles - 12 ct", "cnid": "851", "productId": "141716", "size": "8 oz pkg"},
{"thumb": "http://i4.peapod.com/c/KK/KKNHZ.gif", "price": "499", "unit_price": "$9.98/ lb", "name": "Jarlsberg Swiss Cheese Lite All Natural Deli Thin Sliced", "cnid": "851", "productId": "135786", "size": "8 oz pkg"},
{"thumb": "http://i4.peapod.com/c/KK/KKNHZ.gif", "price": "499", "unit_price": "$9.98/ lb", "name": "Jarlsberg Swiss Cheese Part-Skim Deli Thin Sliced", "cnid": "851", "productId": "133230", "size": "8 oz pkg"},
{"thumb": "http://i4.peapod.com/c/KK/KKNHZ.gif", "price": "379", "unit_price": "$7.58/ lb", "name": "Kraft Aged Cheddar Cheese Wisconsin Sharp Shredded Natural", "cnid": "851", "productId": "1788", "size": "8 oz bag"},
{"thumb": "http://i4.peapod.com/c/KK/KKNHZ.gif", "price": "399", "unit_price": "$5.95/ lb", "name": "Kraft American Cheese 2% Milk Reduced Fat Singles - 16 ct", "cnid": "851", "productId": "51233", "size": "10.7 oz pkg"},
{"thumb": "http://i4.peapod.com/c/KK/KKNHZ.gif", "price": "400", "unit_price": "$4.00/ lb", "name": "Kraft American Cheese Singles - 24 ct", "cnid": "851", "productId": "1760", "size": "16 oz pkg"},
{"thumb": "http://i4.peapod.com/c/KK/KKNHZ.gif", "price": "399", "unit_price": "$5.95/ lb", "name": "Kraft American Cheese White 2% Milk Reduced Fat Singles - 16 ct", "cnid": "851", "productId": "75045", "size": "10.7 oz pkg"},
{"thumb": "http://i4.peapod.com/c/KK/KKNHZ.gif", "price": "400", "unit_price": "$4.00/ lb", "name": "Kraft American Cheese White Singles - 24 ct", "cnid": "851", "productId": "65935", "size": "16 oz pkg"},
{"thumb": "http://i4.peapod.com/c/KK/KKNHZ.gif", "price": "379", "unit_price": "$8.61/ lb", "name": "Kraft Cheddar Cheese Mild Fat Free Shredded Natural", "cnid": "851", "productId": "51538", "size": "7 oz bag"},
{"thumb": "http://i4.peapod.com/c/KK/KKNHZ.gif", "price": "379", "unit_price": "$8.61/ lb", "name": "Kraft Cheddar Cheese Sharp 2% Milk Reduced Fat Finely Shredded Natural", "cnid": "851", "productId": "130406", "size": "7 oz bag"},
{"thumb": "http://i4.peapod.com/c/KK/KKNHZ.gif", "price": "439", "unit_price": "$6.55/ lb", "name": "Kraft Cheddar Cheese Sharp Fat Free Singles - 16 ct", "cnid": "851", "productId": "19756", "size": "10.7 oz pkg"},
{"thumb": "http://i4.peapod.com/c/KK/KKNHZ.gif", "price": "299", "unit_price": "$7.87/ lb", "name": "Kraft Cracker Barrel Cheddar Cheese Extra Sharp 2% Milk Sticks - 8 ct", "cnid": "851", "productId": "148437", "size": "6 oz pkg"},
{"thumb": "http://i4.peapod.com/c/KK/KKNHZ.gif", "price": "299", "unit_price": "$5.98/ lb", "name": "Kraft Cracker Barrel Cheddar Cheese Extra Sharp White", "cnid": "851", "productId": "123883", "size": "8 oz bar"},
{"thumb": "http://i4.peapod.com/c/KK/KKNHZ.gif", "price": "299", "unit_price": "$5.98/ lb", "name": "Kraft Cracker Barrel Cheddar Cheese Extra Sharp White 2% Milk Reduced Fat", "cnid": "851", "productId": "42767", "size": "8 oz bar"},
{"thumb": "http://i4.peapod.com/c/KK/KKNHZ.gif", "price": "299", "unit_price": "$7.87/ lb", "name": "Kraft Cracker Barrel Cheddar Cheese Extra Sharp White Sticks - 8 ct", "cnid": "851", "productId": "142676", "size": "6 oz pkg"},
{"thumb": "http://i4.peapod.com/c/KK/KKNHZ.gif", "price": "299", "unit_price": "$5.98/ lb", "name": "Kraft Cracker Barrel Cheddar Cheese Extra Sharp Yellow", "cnid": "851", "productId": "1786", "size": "8 oz bar"},
{"thumb": "http://i4.peapod.com/c/KK/KKNHZ.gif", "price": "299", "unit_price": "$5.98/ lb", "name": "Kraft Cracker Barrel Cheddar Cheese Sharp", "cnid": "851", "productId": "1785", "size": "8 oz bar"},
{"thumb": "http://i4.peapod.com/c/KK/KKNHZ.gif", "price": "299", "unit_price": "$5.98/ lb", "name": "Kraft Cracker Barrel Cheddar Cheese Sharp Marbled", "cnid": "851", "productId": "70524", "size": "8 oz bar"},
{"thumb": "http://i4.peapod.com/c/KK/KKNHZ.gif", "price": "299", "unit_price": "$5.98/ lb", "name": "Kraft Cracker Barrel Cheddar Cheese Sharp White Natural", "cnid": "851", "productId": "123882", "size": "8 oz bar"},
{"thumb": "http://i4.peapod.com/c/KK/KKNHZ.gif", "price": "299", "unit_price": "$5.98/ lb", "name": "Kraft Cracker Barrel Cheddar Cheese Vermont Sharp White", "cnid": "851", "productId": "70525", "size": "8 oz bar"},
{"thumb": "http://i4.peapod.com/c/KK/KKNHZ.gif", "price": "579", "unit_price": "$5.79/ lb", "name": "Kraft Deli Deluxe American Cheese White Singles - 24 ct", "cnid": "851", "productId": "92387", "size": "16 oz pkg"},
{"thumb": "http://i4.peapod.com/c/KK/KKNHZ.gif", "price": "379", "unit_price": "$7.58/ lb", "name": "Kraft Mozzarella Cheese Low-Moisture Part-Skim Shredded Natural", "cnid": "851", "productId": "1797", "size": "8 oz bag"},
{"thumb": "http://i4.peapod.com/c/KK/KKNHZ.gif", "price": "379", "unit_price": "$8.61/ lb", "name": "Kraft Mozzarella Cheese Shredded Fat Free Natural", "cnid": "851", "productId": "51539", "size": "7 oz bag"},
{"thumb": "http://i4.peapod.com/c/KK/KKNHZ.gif", "price": "399", "unit_price": "$7.98/ lb", "name": "Kraft Parmesan & Romano Cheese 100% Grated", "cnid": "851", "productId": "45600", "size": "8 oz can"},
{"thumb": "http://i4.peapod.com/c/KK/KKNHZ.gif", "price": "399", "unit_price": "$7.98/ lb", "name": "Kraft Parmesan Cheese Grated", "cnid": "851", "productId": "1761", "size": "8 oz can"},
{"thumb": "http://i4.peapod.com/c/KK/KKNHZ.gif", "price": "549", "unit_price": "$9.80/ lb", "name": "Kraft Snackables Mozzarella & Cheddar Cheese Twists Natural - 12 ct", "cnid": "851", "productId": "64966", "size": "9 oz pkg"},
{"thumb": "http://i4.peapod.com/c/KK/KKNHZ.gif", "price": "459", "unit_price": "$4.59/ lb", "name": "Kraft Velveeta Cheese Loaf", "cnid": "851", "productId": "1767", "size": "1 lb pkg"},
{"thumb": "http://i4.peapod.com/c/KK/KKNHZ.gif", "price": "399", "unit_price": "$5.32/ lb", "name": "Kraft Velveeta Cheese Slices - 16 ct", "cnid": "851", "productId": "1742", "size": "12 oz pkg"},
{"thumb": "http://i4.peapod.com/c/KK/KKNHZ.gif", "price": "799", "unit_price": "$7.99/ lb", "name": "LAND O LAKES American Cheese Product White", "cnid": "851", "productId": "186654", "size": "16 oz pkg"},
{"thumb": "http://i4.peapod.com/c/KK/KKNHZ.gif", "price": "479", "unit_price": "$9.58/ lb", "name": "LAND O LAKES American Cheese Product White Deli Thin Sliced - apx 10 ct", "cnid": "851", "productId": "154799", "size": "8 oz pkg"},
{"thumb": "http://i4.peapod.com/c/KK/KKNHZ.gif", "price": "479", "unit_price": "$9.58/ lb", "name": "LAND O LAKES American Cheese Product Yellow Deli Thin Sliced - apx 10 ct", "cnid": "851", "productId": "131097", "size": "8 oz pkg"},
{"thumb": "http://i4.peapod.com/c/KK/KKNHZ.gif", "price": "499", "unit_price": "$9.98/ lb", "name": "Naturally Good Kosher Cheddar Cheese Sliced", "cnid": "851", "productId": "186053", "size": "8 oz pkg"},
{"thumb": "http://i4.peapod.com/c/KK/KKNHZ.gif", "price": "499", "unit_price": "$9.98/ lb", "name": "Naturally Good Kosher Muenster Cheese Sliced", "cnid": "851", "productId": "186050", "size": "8 oz pkg"},
{"thumb": "http://i4.peapod.com/c/KK/KKNHZ.gif", "price": "499", "unit_price": "$9.98/ lb", "name": "Naturally Good Kosher Pepper Jack Cheese Sliced", "cnid": "851", "productId": "186051", "size": "8 oz pkg"},
{"thumb": "http://i4.peapod.com/c/KK/KKNHZ.gif", "price": "499", "unit_price": "$9.98/ lb", "name": "Naturally Good Kosher Provolone Cheese Sliced", "cnid": "851", "productId": "186052", "size": "8 oz pkg"},
{"thumb": "http://i4.peapod.com/c/KK/KKNHZ.gif", "price": "479", "unit_price": "$10.89/ lb", "name": "Nature's Promise Naturals American Cheese White Thin Sliced", "cnid": "851", "productId": "177915", "size": "7 oz pkg"},
{"thumb": "http://i4.peapod.com/c/KK/KKNHZ.gif", "price": "479", "unit_price": "$10.89/ lb", "name": "Nature's Promise Naturals Cheddar Cheese Mild Thin Sliced", "cnid": "851", "productId": "177913", "size": "7 oz pkg"},
{"thumb": "http://i4.peapod.com/c/KK/KKNHZ.gif", "price": "479", "unit_price": "$10.89/ lb", "name": "Nature's Promise Naturals Muenster Cheese Thin Sliced", "cnid": "851", "productId": "177914", "size": "7 oz pkg"},
{"thumb": "http://i4.peapod.com/c/KK/KKNHZ.gif", "price": "479", "unit_price": "$10.89/ lb", "name": "Nature's Promise Naturals Provolone Cheese Thin Sliced", "cnid": "851", "productId": "186663", "size": "7 oz pkg"},
{"thumb": "http://i4.peapod.com/c/KK/KKNHZ.gif", "price": "479", "unit_price": "$10.89/ lb", "name": "Nature's Promise Naturals Swiss Cheese Thin Sliced", "cnid": "851", "productId": "186664", "size": "7 oz pkg"},
{"thumb": "http://i4.peapod.com/c/KK/KKNHZ.gif", "price": "549", "unit_price": "$8.71/ lb", "name": "Nature's Promise Organics Cheddar Cheese Mild White", "cnid": "851", "productId": "162025", "size": "10 oz bar"},
{"thumb": "http://i4.peapod.com/c/KK/KKNHZ.gif", "price": "379", "unit_price": "$9.97/ lb", "name": "Nature's Promise Organics Cheddar Cheese Sharp Shredded", "cnid": "851", "productId": "148461", "size": "6 oz bag"},
{"thumb": "http://i4.peapod.com/c/KK/KKNHZ.gif", "price": "379", "unit_price": "$9.97/ lb", "name": "Nature's Promise Organics Mexican Cheese Blend Shredded", "cnid": "851", "productId": "148458", "size": "6 oz bag"},
{"thumb": "http://i4.peapod.com/c/KK/KKNHZ.gif", "price": "379", "unit_price": "$9.97/ lb", "name": "Nature's Promise Organics Mozzarella Cheese Shredded", "cnid": "851", "productId": "148460", "size": "6 oz bag"},
{"thumb": "http://i4.peapod.com/c/KK/KKNHZ.gif", "price": "379", "unit_price": "$9.97/ lb", "name": "Nature's Promise Organics Mozzarella String Cheese - 6 ct", "cnid": "851", "productId": "159031", "size": "6 oz pkg"},
{"thumb": "http://i4.peapod.com/c/KK/KKNHZ.gif", "price": "300", "unit_price": "$7.89/ lb", "name": "Pastene Parmesan Cheese Imported Grated", "cnid": "851", "productId": "161245", "size": "6 oz pkg"},
{"thumb": "http://i4.peapod.com/c/KK/KKNHZ.gif", "price": "549", "unit_price": "$9.80/ lb", "name": "Polly-O Mozzarella & Cheddar Cheese Twists 2% Milk - 12 ct", "cnid": "851", "productId": "155865", "size": "9 oz pkg"},
{"thumb": "http://i4.peapod.com/c/KK/KKNHZ.gif", "price": "549", "unit_price": "$7.32/ lb", "name": "Polly-O Mozzarella String Cheese - 12 ct", "cnid": "851", "productId": "64965", "size": "12 oz pkg"},
{"thumb": "http://i4.peapod.com/c/KK/KKNHZ.gif", "price": "549", "unit_price": "$7.32/ lb", "name": "Polly-O Mozzarella String Cheese 2% Milk - 12 ct", "cnid": "851", "productId": "98705", "size": "12 oz pkg"},
{"thumb": "http://i4.peapod.com/c/KK/KKNHZ.gif", "price": "300", "unit_price": "$7.14/ lb", "name": "Sargento Cheddar Cheese Medium Reduced Fat Natural Sliced - 10 ct", "cnid": "851", "productId": "157454", "size": "6.67 oz pkg"},
{"thumb": "http://i4.peapod.com/c/KK/KKNHZ.gif", "price": "299", "unit_price": "$5.98/ lb", "name": "Sargento Cheddar Cheese Mild Reduced Fat Shredded", "cnid": "851", "productId": "6516", "size": "8 oz bag"},
{"thumb": "http://i4.peapod.com/c/KK/KKNHZ.gif", "price": "299", "unit_price": "$5.98/ lb", "name": "Sargento Cheddar Cheese Sharp Fancy Shredded", "cnid": "851", "productId": "27400", "size": "8 oz bag"},
{"thumb": "http://i4.peapod.com/c/KK/KKNHZ.gif", "price": "699", "unit_price": "$6.99/ lb", "name": "Sargento Classic Mozzarella Cheese Part-Skim Chef Style Shredded Natural", "cnid": "851", "productId": "6512", "size": "16 oz bag"},
{"thumb": "http://i4.peapod.com/c/KK/KKNHZ.gif", "price": "299", "unit_price": "$5.98/ lb", "name": "Sargento Classic Mozzarella Cheese Part-Skim Fancy Shredded Natural", "cnid": "851", "productId": "172321", "size": "8 oz bag"},
{"thumb": "http://i4.peapod.com/c/KK/KKNHZ.gif", "price": "479", "unit_price": "$8.55/ lb", "name": "Sargento Colby Jack Cheese Reduced Fat Sticks - 12 ct", "cnid": "851", "productId": "151471", "size": "9 oz pkg"},
{"thumb": "http://i4.peapod.com/c/KK/KKNHZ.gif", "price": "300", "unit_price": "$6.82/ lb", "name": "Sargento Deli Style Aged Swiss Cheese Thin Sliced - 11 ct", "cnid": "851", "productId": "137270", "size": "7 oz pkg"},
{"thumb": "http://i4.peapod.com/c/KK/KKNHZ.gif", "price": "300", "unit_price": "$7.14/ lb", "name": "Sargento Deli Style Provolone Cheese Smoke Reduced Fat Thin Sliced - 10 ct", "cnid": "851", "productId": "67935", "size": "6.67 oz pkg"},
{"thumb": "http://i4.peapod.com/c/KK/KKNHZ.gif", "price": "300", "unit_price": "$7.14/ lb", "name": "Sargento Deli Style Swiss Cheese Reduced Fat Thin Sliced - 9 ct", "cnid": "851", "productId": "14660", "size": "6.67 oz pkg"},
{"thumb": "http://i4.peapod.com/c/KK/KKNHZ.gif", "price": "299", "unit_price": "$5.98/ lb", "name": "Sargento Italian 4 Cheese Blend Reduced Fat Shredded", "cnid": "851", "productId": "68011", "size": "8 oz bag"},
{"thumb": "http://i4.peapod.com/c/KK/KKNHZ.gif", "price": "299", "unit_price": "$5.98/ lb", "name": "Sargento Italian 6 Cheese Blend Shredded", "cnid": "851", "productId": "24672", "size": "8 oz bag"},
{"thumb": "http://i4.peapod.com/c/KK/KKNHZ.gif", "price": "299", "unit_price": "$5.98/ lb", "name": "Sargento Mexican 4 Cheese Blend Reduced Fat Fancy Shredded", "cnid": "851", "productId": "61675", "size": "8 oz bag"},
{"thumb": "http://i4.peapod.com/c/KK/KKNHZ.gif", "price": "299", "unit_price": "$5.98/ lb", "name": "Sargento Mexican 4 Cheese Blend Shredded", "cnid": "851", "productId": "24671", "size": "8 oz bag"},
{"thumb": "http://i4.peapod.com/c/KK/KKNHZ.gif", "price": "299", "unit_price": "$5.98/ lb", "name": "Sargento Mozzarella Cheese Reduced Fat Low Moisture Shredded Natural", "cnid": "851", "productId": "6517", "size": "8 oz bag"},
{"thumb": "http://i4.peapod.com/c/KK/KKNHZ.gif", "price": "299", "unit_price": "$5.98/ lb", "name": "Sargento Mozzarella Cheese Whole Milk Shredded", "cnid": "851", "productId": "148334", "size": "8 oz bag"},
{"thumb": "http://i4.peapod.com/c/KK/KKNHZ.gif", "price": "699", "unit_price": "$6.99/ lb", "name": "Sargento Off the Block Mexican 4 Cheese Blend Shredded Fine Cut", "cnid": "851", "productId": "128225", "size": "16 oz bag"},
{"thumb": "http://i4.peapod.com/c/KK/KKNHZ.gif", "price": "359", "unit_price": "$7.18/ lb", "name": "Smart Beat Cheddar Cheese Non-Dairy Fat Free Slices - 12 ct", "cnid": "851", "productId": "127612", "size": "8 oz pkg"},
{"thumb": "http://i4.peapod.com/c/KK/KKNHZ.gif", "price": "649", "unit_price": "$3.24/ lb", "name": "Sorrento Deli Style Ricotta Cheese Whole Milk", "cnid": "851", "productId": "34558", "size": "32 oz tub"},
{"thumb": "http://i4.peapod.com/c/KK/KKNHZ.gif", "price": "649", "unit_price": "$3.24/ lb", "name": "Sorrento Ricotta Cheese Fat Free", "cnid": "851", "productId": "71293", "size": "32 oz tub"},
{"thumb": "http://i4.peapod.com/c/KK/KKNHZ.gif", "price": "329", "unit_price": "$6.58/ lb", "name": "Stop & Shop 3 Cheese Blend Cheese Finely Shredded Natural", "cnid": "851", "productId": "159243", "size": "8 oz bag"},
{"thumb": "http://i4.peapod.com/c/KK/KKNHZ.gif", "price": "329", "unit_price": "$6.58/ lb", "name": "Stop & Shop 4 Cheese Mexican Blend Cheese Finely Shredded Natural", "cnid": "851", "productId": "89638", "size": "8 oz bag"},
{"thumb": "http://i4.peapod.com/c/KK/KKNHZ.gif", "price": "979", "unit_price": "$4.89/ lb", "name": "Stop & Shop 4 Cheese Mexican Blend Cheese Finely Shredded Natural", "cnid": "851", "productId": "163106", "size": "32 oz bag"},
{"thumb": "http://i4.peapod.com/c/KK/KKNHZ.gif", "price": "329", "unit_price": "$6.58/ lb", "name": "Stop & Shop 6 Cheese Italian Blend Cheese Finely Shredded Natural", "cnid": "851", "productId": "159241", "size": "8 oz bag"},
{"thumb": "http://i4.peapod.com/c/KK/KKNHZ.gif", "price": "439", "unit_price": "$4.39/ lb", "name": "Stop & Shop American Cheese Food Singles - 24 ct", "cnid": "851", "productId": "72344", "size": "16 oz pkg"},
{"thumb": "http://i4.peapod.com/c/KK/KKNHZ.gif", "price": "359", "unit_price": "$4.79/ lb", "name": "Stop & Shop American Cheese Food White Fat Free Singles - 16 ct", "cnid": "851", "productId": "161867", "size": "12 oz pkg"},
{"thumb": "http://i4.peapod.com/c/KK/KKNHZ.gif", "price": "439", "unit_price": "$4.39/ lb", "name": "Stop & Shop American Cheese Food White Singles - 24 ct", "cnid": "851", "productId": "84604", "size": "16 oz pkg"},
{"thumb": "http://i4.peapod.com/c/KK/KKNHZ.gif", "price": "359", "unit_price": "$4.79/ lb", "name": "Stop & Shop American Cheese Food Yellow 2% Milk Reduced Fat Singles-16 ct", "cnid": "851", "productId": "163098", "size": "12 oz pkg"},
{"thumb": "http://i4.peapod.com/c/KK/KKNHZ.gif", "price": "359", "unit_price": "$4.79/ lb", "name": "Stop & Shop American Cheese Food Yellow Fat Free Singles - 16 ct", "cnid": "851", "productId": "163107", "size": "12 oz pkg"},
{"thumb": "http://i4.peapod.com/c/KK/KKNHZ.gif", "price": "649", "unit_price": "$6.49/ lb", "name": "Stop & Shop American Cheese White Sliced", "cnid": "851", "productId": "139798", "size": "16 oz pkg"},
{"thumb": "http://i4.peapod.com/c/KK/KKNHZ.gif", "price": "499", "unit_price": "$9.99/ lb", "name": "Stop & Shop Asiago Cheese Shredded", "cnid": "851", "productId": "158750", "size": "apx 1/2 lb"},
{"thumb": "http://i4.peapod.com/c/KK/KKNHZ.gif", "price": "449", "unit_price": "$8.99/ lb", "name": "Stop & Shop Asiago Cheese Wedge", "cnid": "851", "productId": "186035", "size": "apx 1/2 lb"},
{"thumb": "http://i4.peapod.com/c/KK/KKNHZ.gif", "price": "329", "unit_price": "$5.22/ lb", "name": "Stop & Shop Cheddar Cheese Extra Sharp Cracker Cuts", "cnid": "851", "productId": "162408", "size": "10 oz pkg"},
{"thumb": "http://i4.peapod.com/c/KK/KKNHZ.gif", "price": "329", "unit_price": "$6.58/ lb", "name": "Stop & Shop Cheddar Cheese Mild Finely Shredded Natural", "cnid": "851", "productId": "89641", "size": "8 oz bag"},
{"thumb": "http://i4.peapod.com/c/KK/KKNHZ.gif", "price": "329", "unit_price": "$6.58/ lb", "name": "Stop & Shop Cheddar Cheese Mild Shredded Natural", "cnid": "851", "productId": "57841", "size": "8 oz bag"},
{"thumb": "http://i4.peapod.com/c/KK/KKNHZ.gif", "price": "979", "unit_price": "$4.89/ lb", "name": "Stop & Shop Cheddar Cheese Mild Shredded Natural", "cnid": "851", "productId": "159246", "size": "32 oz bag"},
{"thumb": "http://i4.peapod.com/c/KK/KKNHZ.gif", "price": "599", "unit_price": "$5.99/ lb", "name": "Stop & Shop Cheddar Cheese Mild Shredded Natural", "cnid": "851", "productId": "154573", "size": "16 oz bag"},
{"thumb": "http://i4.peapod.com/c/KK/KKNHZ.gif", "price": "589", "unit_price": "$5.89/ lb", "name": "Stop & Shop Cheddar Cheese Mild Yellow Chunk Natural", "cnid": "851", "productId": "163100", "size": "16 oz bar"},
{"thumb": "http://i4.peapod.com/c/KK/KKNHZ.gif", "price": "759", "unit_price": "$5.06/ lb", "name": "Stop & Shop Cheddar Cheese New York Extra Sharp White Chunk Natural", "cnid": "851", "productId": "167563", "size": "24 oz bar"},
{"thumb": "http://i4.peapod.com/c/KK/KKNHZ.gif", "price": "329", "unit_price": "$5.22/ lb", "name": "Stop & Shop Cheddar Cheese Reserve Cracker Cuts", "cnid": "851", "productId": "162406", "size": "10 oz pkg"},
{"thumb": "http://i4.peapod.com/c/KK/KKNHZ.gif", "price": "329", "unit_price": "$5.22/ lb", "name": "Stop & Shop Cheddar Cheese Sharp Cracker Cuts", "cnid": "851", "productId": "162407", "size": "10 oz pkg"},
{"thumb": "http://i4.peapod.com/c/KK/KKNHZ.gif", "price": "329", "unit_price": "$6.58/ lb", "name": "Stop & Shop Cheddar Cheese Sharp Finely Shredded Natural", "cnid": "851", "productId": "155304", "size": "8 oz bag"},
{"thumb": "http://i4.peapod.com/c/KK/KKNHZ.gif", "price": "299", "unit_price": "$5.98/ lb", "name": "Stop & Shop Cheddar Cheese Vermont Sharp White Chunk Natural", "cnid": "851", "productId": "81157", "size": "8 oz bar"},
{"thumb": "http://i4.peapod.com/c/KK/KKNHZ.gif", "price": "589", "unit_price": "$5.89/ lb", "name": "Stop & Shop Colby Cheese Longhorn Style Chunk Natural", "cnid": "851", "productId": "160898", "size": "16 oz pkg"},
{"thumb": "http://i4.peapod.com/c/KK/KKNHZ.gif", "price": "219", "unit_price": "$8.76/ lb", "name": "Stop & Shop Feta Cheese Crumbled", "cnid": "851", "productId": "163104", "size": "4 oz tub"},
{"thumb": "http://i4.peapod.com/c/KK/KKNHZ.gif", "price": "329", "unit_price": "$6.58/ lb", "name": "Stop & Shop Mexican Cheese Blend Reduced Fat Finely Shredded Natural", "cnid": "851", "productId": "159250", "size": "8 oz bag"},
{"thumb": "http://i4.peapod.com/c/KK/KKNHZ.gif", "price": "589", "unit_price": "$5.89/ lb", "name": "Stop & Shop Monterey Jack Cheese Chunk Natural", "cnid": "851", "productId": "159245", "size": "16 oz bar"},
{"thumb": "http://i4.peapod.com/c/KK/KKNHZ.gif", "price": "299", "unit_price": "$5.98/ lb", "name": "Stop & Shop Monterey Jack Cheese Chunk Natural", "cnid": "851", "productId": "81165", "size": "8 oz bar"},
{"thumb": "http://i4.peapod.com/c/KK/KKNHZ.gif", "price": "329", "unit_price": "$6.58/ lb", "name": "Stop & Shop Monterey Jack Cheese Finely Shredded Natural", "cnid": "851", "productId": "159244", "size": "8 oz bag"},
{"thumb": "http://i4.peapod.com/c/KK/KKNHZ.gif", "price": "329", "unit_price": "$6.58/ lb", "name": "Stop & Shop Mozzarella Cheese Deli Style Natural Sliced - 10 ct", "cnid": "851", "productId": "159253", "size": "8 oz pkg"},
{"thumb": "http://i4.peapod.com/c/KK/KKNHZ.gif", "price": "499", "unit_price": "$4.99/ lb", "name": "Stop & Shop Mozzarella Cheese Part Skim Chunk All Natural", "cnid": "851", "productId": "57615", "size": "16 oz pkg"},
{"thumb": "http://i4.peapod.com/c/KK/KKNHZ.gif", "price": "329", "unit_price": "$6.58/ lb", "name": "Stop & Shop Mozzarella Cheese Part Skim Finely Shredded Natural", "cnid": "851", "productId": "89637", "size": "8 oz bag"},
{"thumb": "http://i4.peapod.com/c/KK/KKNHZ.gif", "price": "979", "unit_price": "$4.89/ lb", "name": "Stop & Shop Mozzarella Cheese Shredded Natural", "cnid": "851", "productId": "154575", "size": "32 oz bag"},
{"thumb": "http://i4.peapod.com/c/KK/KKNHZ.gif", "price": "599", "unit_price": "$5.99/ lb", "name": "Stop & Shop Mozzarella Cheese Shredded Natural", "cnid": "851", "productId": "57850", "size": "16 oz bag"},
{"thumb": "http://i4.peapod.com/c/KK/KKNHZ.gif", "price": "329", "unit_price": "$6.58/ lb", "name": "Stop & Shop Mozzarella Cheese Shredded Natural", "cnid": "851", "productId": "57837", "size": "8 oz bag"},
{"thumb": "http://i4.peapod.com/c/KK/KKNHZ.gif", "price": "499", "unit_price": "$5.31/ lb", "name": "Stop & Shop Mozzarella Cheese Whole Milk Chunk All Natural", "cnid": "851", "productId": "57616", "size": "15 oz pkg"},
{"thumb": "http://i4.peapod.com/c/KK/KKNHZ.gif", "price": "629", "unit_price": "$4.19/ lb", "name": "Stop & Shop Mozzarella String Cheese Low Moisture Part Skim - 24 ct", "cnid": "851", "productId": "148337", "size": "24 oz pkg"},
{"thumb": "http://i4.peapod.com/c/KK/KKNHZ.gif", "price": "629", "unit_price": "$4.19/ lb", "name": "Stop & Shop Mozzarella String Cheese Reduced Fat - 24 ct", "cnid": "851", "productId": "148338", "size": "24 oz pkg"},
{"thumb": "http://i4.peapod.com/c/KK/KKNHZ.gif", "price": "329", "unit_price": "$6.58/ lb", "name": "Stop & Shop Muenster Cheese Sliced - 10 ct", "cnid": "851", "productId": "144022", "size": "8 oz pkg"},
{"thumb": "http://i4.peapod.com/c/KK/KKNHZ.gif", "price": "329", "unit_price": "$8.66/ lb", "name": "Stop & Shop Parmesan Cheese Finely Shredded Natural", "cnid": "851", "productId": "159242", "size": "6 oz bag"},
{"thumb": "http://i4.peapod.com/c/KK/KKNHZ.gif", "price": "299", "unit_price": "$5.98/ lb", "name": "Stop & Shop Parmesan Cheese Grated", "cnid": "851", "productId": "56496", "size": "8 oz can"},
{"thumb": "http://i4.peapod.com/c/KK/KKNHZ.gif", "price": "449", "unit_price": "$4.49/ lb", "name": "Stop & Shop Parmesan Cheese Grated", "cnid": "851", "productId": "56499", "size": "16 oz can"},
{"thumb": "http://i4.peapod.com/c/KK/KKNHZ.gif", "price": "499", "unit_price": "$7.92/ lb", "name": "Stop & Shop Pepper Jack Cheese Chunk", "cnid": "851", "productId": "158720", "size": "10 oz bar"},
{"thumb": "http://i4.peapod.com/c/KK/KKNHZ.gif", "price": "589", "unit_price": "$5.89/ lb", "name": "Stop & Shop Pepper Jack Cheese Chunk Natural", "cnid": "851", "productId": "163101", "size": "16 oz bar"},
{"thumb": "http://i4.peapod.com/c/KK/KKNHZ.gif", "price": "299", "unit_price": "$5.98/ lb", "name": "Stop & Shop Pepper Jack Cheese Chunk Natural", "cnid": "851", "productId": "148344", "size": "8 oz bar"},
{"thumb": "http://i4.peapod.com/c/KK/KKNHZ.gif", "price": "329", "unit_price": "$5.22/ lb", "name": "Stop & Shop Pepper Jack Cheese Cracker Cuts", "cnid": "851", "productId": "162405", "size": "10 oz pkg"},
{"thumb": "http://i4.peapod.com/c/KK/KKNHZ.gif", "price": "329", "unit_price": "$6.58/ lb", "name": "Stop & Shop Provolone Cheese Sliced - 10 ct", "cnid": "851", "productId": "57853", "size": "8 oz pkg"},
{"thumb": "http://i4.peapod.com/c/KK/KKNHZ.gif", "price": "439", "unit_price": "$2.19/ lb", "name": "Stop & Shop Ricotta Cheese Part-Skim", "cnid": "851", "productId": "57619", "size": "32 oz tub"},
{"thumb": "http://i4.peapod.com/c/KK/KKNHZ.gif", "price": "299", "unit_price": "$3.18/ lb", "name": "Stop & Shop Ricotta Cheese Part-Skim All Natural", "cnid": "851", "productId": "57620", "size": "15 oz tub"},
{"thumb": "http://i4.peapod.com/c/KK/KKNHZ.gif", "price": "439", "unit_price": "$2.19/ lb", "name": "Stop & Shop Ricotta Cheese Whole Milk", "cnid": "851", "productId": "57621", "size": "32 oz tub"},
{"thumb": "http://i4.peapod.com/c/KK/KKNHZ.gif", "price": "439", "unit_price": "$4.39/ lb", "name": "Stop & Shop String Cheese - 16 ct", "cnid": "851", "productId": "117805", "size": "16 oz pkg"},
{"thumb": "http://i4.peapod.com/c/KK/KKNHZ.gif", "price": "439", "unit_price": "$4.39/ lb", "name": "Stop & Shop String Cheese Reduced Fat All Natural - 16 ct", "cnid": "851", "productId": "190662", "size": "16 oz bag"},
{"thumb": "http://i4.peapod.com/c/KK/KKNHZ.gif", "price": "589", "unit_price": "$5.89/ lb", "name": "Stop & Shop Swiss Cheese Chunk Natural", "cnid": "851", "productId": "136245", "size": "16 oz bar"},
{"thumb": "http://i4.peapod.com/c/KK/KKNHZ.gif", "price": "329", "unit_price": "$6.58/ lb", "name": "Stop & Shop Swiss Cheese Deli Style Natural Sliced - 10 ct", "cnid": "851", "productId": "57852", "size": "8 oz pkg"},
{"thumb": "http://i4.peapod.com/c/KK/KKNHZ.gif", "price": "329", "unit_price": "$8.66/ lb", "name": "Stop & Shop Swiss Cheese Finely Shredded Natural", "cnid": "851", "productId": "173472", "size": "6 oz bag"},
{"thumb": "http://i4.peapod.com/c/KK/KKNHZ.gif", "price": "329", "unit_price": "$6.58/ lb", "name": "Stop & Shop Taco Cheese Blend Shredded", "cnid": "851", "productId": "128863", "size": "8 oz bag"},
{"thumb": "http://i4.peapod.com/c/KK/KKNHZ.gif", "price": "299", "unit_price": "$5.98/ lb", "name": "Stop & Shop Topping Fat Free Grated", "cnid": "851", "productId": "127483", "size": "8 oz can"},
{"thumb": "http://i4.peapod.com/c/KK/KKNHZ.gif", "price": "479", "unit_price": "$7.60/ lb", "name": "Weight Watchers Mozzarella String Cheese Light - 12 ct", "cnid": "851", "productId": "156758", "size": "10 oz pkg"},
{"thumb": "http://i4.peapod.com/c/KK/KKNHZ.gif", "price": "849", "unit_price": "$16.99/ lb", "name": "Wensleydale Creamery Yorkshire Wensleydale Cheese with Cranberries Chunk", "cnid": "851", "productId": "144003", "size": "apx 1/2 lb"},
{"thumb": "http://i4.peapod.com/c/KK/KKNHZ.gif", "price": "229", "unit_price": "$.14/ oz", "name": "Baileys Coffee Creamer The Original Irish Cream Non-Alcoholic Refrigerated", "cnid": "827", "productId": "164813", "size": "16 oz btl"},
{"thumb": "http://i4.peapod.com/c/KK/KKNHZ.gif", "price": "329", "unit_price": "$.05/ oz", "name": "Blue Diamond Almond Breeze Original Almond Milk Non-Dairy Refrigerated", "cnid": "827", "productId": "159294", "size": "64 oz ctn"},
{"thumb": "http://i4.peapod.com/c/KK/KKNHZ.gif", "price": "299", "unit_price": "$.09/ oz", "name": "Blue Diamond Almond Breeze Original Almond Milk Unsweetened Non-Refrig", "cnid": "827", "productId": "158130", "size": "32 oz ctn"},
{"thumb": "http://i4.peapod.com/c/KK/KKNHZ.gif", "price": "329", "unit_price": "$.05/ oz", "name": "Blue Diamond Almond Breeze Original Almond Milk Unsweetened Refrigerated", "cnid": "827", "productId": "190685", "size": "64 oz ctn"},
{"thumb": "http://i4.peapod.com/c/KK/KKNHZ.gif", "price": "329", "unit_price": "$.05/ oz", "name": "Blue Diamond Almond Breeze Vanilla Almond Milk Non-Dairy Refrigerated", "cnid": "827", "productId": "159295", "size": "64 oz ctn"},
{"thumb": "http://i4.peapod.com/c/KK/KKNHZ.gif", "price": "299", "unit_price": "$.09/ oz", "name": "Blue Diamond Almond Breeze Vanilla Almond Milk Unsweetened Non-Refrig", "cnid": "827", "productId": "158129", "size": "32 oz ctn"},
{"thumb": "http://i4.peapod.com/c/KK/KKNHZ.gif", "price": "329", "unit_price": "$.05/ oz", "name": "Blue Diamond Almond Breeze Vanilla Almond Milk Unsweetened Refrigerated", "cnid": "827", "productId": "162129", "size": "64 oz ctn"},
{"thumb": "http://i4.peapod.com/c/KK/KKNHZ.gif", "price": "329", "unit_price": "$.22/ oz", "name": "Coco Lopez Cream of Coconut", "cnid": "827", "productId": "11680", "size": "15 oz can"},
{"thumb": "http://i4.peapod.com/c/KK/KKNHZ.gif", "price": "399", "unit_price": "$.19/ oz", "name": "Coco Real Cream of Coconut Simply Squeeze", "cnid": "827", "productId": "163544", "size": "21 oz btl"},
{"thumb": "http://i4.peapod.com/c/KK/KKNHZ.gif", "price": "299", "unit_price": "$.09/ oz", "name": "Edensoy Extra Original Soy Milk Organic Non-Refrigerated", "cnid": "827", "productId": "25752", "size": "32 oz ctn"},
{"thumb": "http://i4.peapod.com/c/KK/KKNHZ.gif", "price": "299", "unit_price": "$.09/ oz", "name": "Edensoy Original Soy Milk Organic Non-Refrigerated", "cnid": "827", "productId": "16212", "size": "32 oz ctn"},
{"thumb": "http://i4.peapod.com/c/KK/KKNHZ.gif", "price": "189", "unit_price": "$.06/ oz", "name": "Garelick Farms Buttermilk Low Fat", "cnid": "827", "productId": "117804", "size": "32 oz ctn"},
{"thumb": "http://i4.peapod.com/c/KK/KKNHZ.gif", "price": "489", "unit_price": "$.04/ oz", "name": "Garelick Farms Dairy Pure Milk Fat Free", "cnid": "827", "productId": "36081", "size": "1 gal"},
{"thumb": "http://i4.peapod.com/c/KK/KKNHZ.gif", "price": "319", "unit_price": "$.05/ oz", "name": "Garelick Farms Dairy Pure Milk Fat Free", "cnid": "827", "productId": "36076", "size": "64 oz jug"},
{"thumb": "http://i4.peapod.com/c/KK/KKNHZ.gif", "price": "489", "unit_price": "$.04/ oz", "name": "Garelick Farms Dairy Pure Milk Low Fat 1%", "cnid": "827", "productId": "58061", "size": "1 gal"},
{"thumb": "http://i4.peapod.com/c/KK/KKNHZ.gif", "price": "209", "unit_price": "$.06/ oz", "name": "Garelick Farms Dairy Pure Milk Low Fat 1%", "cnid": "827", "productId": "36090", "size": "32 oz jug"},
{"thumb": "http://i4.peapod.com/c/KK/KKNHZ.gif", "price": "319", "unit_price": "$.05/ oz", "name": "Garelick Farms Dairy Pure Milk Low Fat 1%", "cnid": "827", "productId": "36075", "size": "64 oz jug"},
{"thumb": "http://i4.peapod.com/c/KK/KKNHZ.gif", "price": "319", "unit_price": "$.05/ oz", "name": "Garelick Farms Dairy Pure Milk Reduced Fat 2%", "cnid": "827", "productId": "36074", "size": "64 oz jug"},
{"thumb": "http://i4.peapod.com/c/KK/KKNHZ.gif", "price": "489", "unit_price": "$.04/ oz", "name": "Garelick Farms Dairy Pure Milk Reduced Fat 2%", "cnid": "827", "productId": "36079", "size": "1 gal"},
{"thumb": "http://i4.peapod.com/c/KK/KKNHZ.gif", "price": "489", "unit_price": "$.04/ oz", "name": "Garelick Farms Dairy Pure Milk Whole Vitamin D", "cnid": "827", "productId": "36078", "size": "1 gal"},
{"thumb": "http://i4.peapod.com/c/KK/KKNHZ.gif", "price": "319", "unit_price": "$.05/ oz", "name": "Garelick Farms Dairy Pure Milk Whole Vitamin D", "cnid": "827", "productId": "36073", "size": "64 oz jug"},
{"thumb": "http://i4.peapod.com/c/KK/KKNHZ.gif", "price": "319", "unit_price": "$.10/ oz", "name": "Garelick Farms Half & Half Ultra Pasteurized Fat Free", "cnid": "827", "productId": "142665", "size": "32 oz ctn"},
{"thumb": "http://i4.peapod.com/c/KK/KKNHZ.gif", "price": "369", "unit_price": "$.06/ oz", "name": "Garelick Farms Over the Moon Milk Amazing Chocolate Fat Free", "cnid": "827", "productId": "161909", "size": "64 oz ctn"},
{"thumb": "http://i4.peapod.com/c/KK/KKNHZ.gif", "price": "369", "unit_price": "$.06/ oz", "name": "Garelick Farms Over the Moon Milk Fat Free", "cnid": "827", "productId": "138877", "size": "64 oz ctn"},
{"thumb": "http://i4.peapod.com/c/KK/KKNHZ.gif", "price": "439", "unit_price": "$.03/ oz", "name": "Garelick Farms TruMoo Milk Chocolate Low Fat 1%", "cnid": "827", "productId": "157462", "size": "1 gal"},
{"thumb": "http://i4.peapod.com/c/KK/KKNHZ.gif", "price": "289", "unit_price": "$.05/ oz", "name": "Garelick Farms TruMoo Milk Chocolate Low Fat 1%", "cnid": "827", "productId": "129810", "size": "64 oz jug"},
{"thumb": "http://i4.peapod.com/c/KK/KKNHZ.gif", "price": "175", "unit_price": "$.13/ oz", "name": "Goya Coconut Milk", "cnid": "827", "productId": "120129", "size": "13.5 oz can"},
{"thumb": "http://i4.peapod.com/c/KK/KKNHZ.gif", "price": "150", "unit_price": "$.09/ oz", "name": "Guaranteed Value Creamer Non-Dairy Powder", "cnid": "827", "productId": "57111", "size": "16 oz btl"},
{"thumb": "http://i4.peapod.com/c/KK/KKNHZ.gif", "price": "279", "unit_price": "$.12/ oz", "name": "Hershey's Chocolate Milk Reduced Fat 2% Shelf Stable - 3 pk", "cnid": "827", "productId": "157487", "size": "8 oz pkg"},
{"thumb": "http://i4.peapod.com/c/KK/KKNHZ.gif", "price": "199", "unit_price": "$.06/ oz", "name": "Hood Country Creamer Non-Dairy", "cnid": "827", "productId": "35350", "size": "1 quart"},
{"thumb": "http://i4.peapod.com/c/KK/KKNHZ.gif", "price": "469", "unit_price": "$.15/ oz", "name": "Hood Cream Light Ultra Pasteurized", "cnid": "827", "productId": "154569", "size": "32 oz ctn"},
{"thumb": "http://i4.peapod.com/c/KK/KKNHZ.gif", "price": "209", "unit_price": "$.13/ oz", "name": "Hood Half & Half Ultra Pasteurized", "cnid": "827", "productId": "75072", "size": "1 pint"},
{"thumb": "http://i4.peapod.com/c/KK/KKNHZ.gif", "price": "329", "unit_price": "$.10/ oz", "name": "Hood Half & Half Ultra Pasteurized", "cnid": "827", "productId": "36125", "size": "1 quart"},
{"thumb": "http://i4.peapod.com/c/KK/KKNHZ.gif", "price": "329", "unit_price": "$.05/ oz", "name": "Hood Milk Fat Free", "cnid": "827", "productId": "118888", "size": "64 oz jug"},
{"thumb": "http://i4.peapod.com/c/KK/KKNHZ.gif", "price": "219", "unit_price": "$.07/ oz", "name": "Hood Milk Fat Free", "cnid": "827", "productId": "148345", "size": "1 quart"},
{"thumb": "http://i4.peapod.com/c/KK/KKNHZ.gif", "price": "509", "unit_price": "$.04/ oz", "name": "Hood Milk Fat Free", "cnid": "827", "productId": "36117", "size": "1 gal"},
{"thumb": "http://i4.peapod.com/c/KK/KKNHZ.gif", "price": "509", "unit_price": "$.04/ oz", "name": "Hood Milk Low Fat 1%", "cnid": "827", "productId": "36115", "size": "1 gal"},
{"thumb": "http://i4.peapod.com/c/KK/KKNHZ.gif", "price": "329", "unit_price": "$.05/ oz", "name": "Hood Milk Low Fat 1%", "cnid": "827", "productId": "124181", "size": "64 oz jug"},
{"thumb": "http://i4.peapod.com/c/KK/KKNHZ.gif", "price": "509", "unit_price": "$.04/ oz", "name": "Hood Milk Low Fat 2%", "cnid": "827", "productId": "36111", "size": "1 gal"},
{"thumb": "http://i4.peapod.com/c/KK/KKNHZ.gif", "price": "329", "unit_price": "$.05/ oz", "name": "Hood Milk Low Fat 2%", "cnid": "827", "productId": "36108", "size": "64 oz jug"},
{"thumb": "http://i4.peapod.com/c/KK/KKNHZ.gif", "price": "329", "unit_price": "$.05/ oz", "name": "Hood Milk Vitamin D", "cnid": "827", "productId": "36095", "size": "64 oz jug"},
{"thumb": "http://i4.peapod.com/c/KK/KKNHZ.gif", "price": "509", "unit_price": "$.04/ oz", "name": "Hood Milk Vitamin D", "cnid": "827", "productId": "89954", "size": "1 gal"},
{"thumb": "http://i4.peapod.com/c/KK/KKNHZ.gif", "price": "399", "unit_price": "$.06/ oz", "name": "Hood Simply Smart Milk Fat Free", "cnid": "827", "productId": "36113", "size": "64 oz ctn"},
{"thumb": "http://i4.peapod.com/c/KK/KKNHZ.gif", "price": "399", "unit_price": "$.06/ oz", "name": "Hood Simply Smart Milk Low Fat 1%", "cnid": "827", "productId": "36109", "size": "64 oz ctn"},
{"thumb": "http://i4.peapod.com/c/KK/KKNHZ.gif", "price": "399", "unit_price": "$.17/ oz", "name": "Horizon Organic Milk Chocolate Low Fat - 3 pk Unrefrigerated", "cnid": "827", "productId": "148410", "size": "8 oz box"},
{"thumb": "http://i4.peapod.com/c/KK/KKNHZ.gif", "price": "379", "unit_price": "$.06/ oz", "name": "Horizon Organic Milk Fat Free", "cnid": "827", "productId": "90690", "size": "64 oz ctn"},
{"thumb": "http://i4.peapod.com/c/KK/KKNHZ.gif", "price": "379", "unit_price": "$.06/ oz", "name": "Horizon Organic Milk Low Fat 1%", "cnid": "827", "productId": "97225", "size": "64 oz ctn"},
{"thumb": "http://i4.peapod.com/c/KK/KKNHZ.gif", "price": "399", "unit_price": "$.17/ oz", "name": "Horizon Organic Milk Low Fat 1% - 3 pk Unrefrigerated", "cnid": "827", "productId": "148412", "size": "8 oz ctn"},
{"thumb": "http://i4.peapod.com/c/KK/KKNHZ.gif", "price": "379", "unit_price": "$.06/ oz", "name": "Horizon Organic Milk Reduced Fat 2%", "cnid": "827", "productId": "90689", "size": "64 oz ctn"},
{"thumb": "http://i4.peapod.com/c/KK/KKNHZ.gif", "price": "379", "unit_price": "$.06/ oz", "name": "Horizon Organic Milk Whole Vitamin D", "cnid": "827", "productId": "92013", "size": "64 oz ctn"},
{"thumb": "http://i4.peapod.com/c/KK/KKNHZ.gif", "price": "429", "unit_price": "$.07/ oz", "name": "Horizon Organic Milk Whole Vitamin D DHA Omega-3", "cnid": "827", "productId": "148413", "size": "64 oz ctn"},
{"thumb": "http://i4.peapod.com/c/KK/KKNHZ.gif", "price": "399", "unit_price": "$.12/ oz", "name": "International Delight Creamer French Vanilla Fat Free Refrigerated", "cnid": "827", "productId": "114476", "size": "32 oz btl"},
{"thumb": "http://i4.peapod.com/c/KK/KKNHZ.gif", "price": "399", "unit_price": "$.12/ oz", "name": "International Delight Creamer French Vanilla Refrigerated", "cnid": "827", "productId": "114474", "size": "32 oz btl"},
{"thumb": "http://i4.peapod.com/c/KK/KKNHZ.gif", "price": "399", "unit_price": "$.12/ oz", "name": "International Delight Creamer Hazelnut Refrigerated", "cnid": "827", "productId": "124374", "size": "32 oz btl"},
{"thumb": "http://i4.peapod.com/c/KK/KKNHZ.gif", "price": "469", "unit_price": "$.07/ oz", "name": "Lactaid Milk Chocolate Low Fat 1% 100% Lactose Free", "cnid": "827", "productId": "135311", "size": "64 oz ctn"},
{"thumb": "http://i4.peapod.com/c/KK/KKNHZ.gif", "price": "599", "unit_price": "$.06/ oz", "name": "Lactaid Milk Fat Free 100% Lactose Free", "cnid": "827", "productId": "134379", "size": "96 oz jug"},
{"thumb": "http://i4.peapod.com/c/KK/KKNHZ.gif", "price": "469", "unit_price": "$.07/ oz", "name": "Lactaid Milk Fat Free 100% Lactose Free", "cnid": "827", "productId": "51447", "size": "64 oz ctn"},
{"thumb": "http://i4.peapod.com/c/KK/KKNHZ.gif", "price": "469", "unit_price": "$.07/ oz", "name": "Lactaid Milk Fat Free Calcium Enriched 100% Lactose Free", "cnid": "827", "productId": "94314", "size": "64 oz ctn"},
{"thumb": "http://i4.peapod.com/c/KK/KKNHZ.gif", "price": "269", "unit_price": "$.08/ oz", "name": "Lactaid Milk Fat Free Calcium Fortified 100% Lactose Free", "cnid": "827", "productId": "44931", "size": "32 oz ctn"},
{"thumb": "http://i4.peapod.com/c/KK/KKNHZ.gif", "price": "469", "unit_price": "$.07/ oz", "name": "Lactaid Milk Reduced Fat 2% Calcium Enriched 100% Lactose Free", "cnid": "827", "productId": "127090", "size": "64 oz ctn"},
{"thumb": "http://i4.peapod.com/c/KK/KKNHZ.gif", "price": "469", "unit_price": "$.07/ oz", "name": "Lactaid Milk Whole 100% Lactose Free", "cnid": "827", "productId": "123811", "size": "64 oz ctn"},
{"thumb": "http://i4.peapod.com/c/KK/KKNHZ.gif", "price": "329", "unit_price": "$.10/ oz", "name": "LAND O LAKES Half & Half Fat Free Ultra Pasteurized", "cnid": "827", "productId": "116232", "size": "1 quart"},
{"thumb": "http://i4.peapod.com/c/KK/KKNHZ.gif", "price": "229", "unit_price": "$.14/ oz", "name": "LAND O LAKES Half & Half Ultra Pasteurized Fat Free", "cnid": "827", "productId": "40594", "size": "1 pint"},
{"thumb": "http://i4.peapod.com/c/KK/KKNHZ.gif", "price": "379", "unit_price": "$.12/ oz", "name": "Lifeway Kefir Probiotic Cultured Milk Smoothie Plain Low Fat", "cnid": "827", "productId": "1295", "size": "32 oz btl"},
{"thumb": "http://i4.peapod.com/c/KK/KKNHZ.gif", "price": "379", "unit_price": "$.12/ oz", "name": "Lifeway Kefir Probiotic Cultured Milk Smoothie Pomegranate Low Fat", "cnid": "827", "productId": "145211", "size": "32 oz btl"},
{"thumb": "http://i4.peapod.com/c/KK/KKNHZ.gif", "price": "379", "unit_price": "$.12/ oz", "name": "Lifeway Kefir Probiotic Cultured Milk Smoothie Strawberry Low Fat", "cnid": "827", "productId": "1296", "size": "32 oz btl"},
{"thumb": "http://i4.peapod.com/c/KK/KKNHZ.gif", "price": "179", "unit_price": "$.06/ oz", "name": "Nature's Promise Naturals Chocolate Soy Milk Non-Refrigerated", "cnid": "827", "productId": "140181", "size": "32 oz ctn"},
{"thumb": "http://i4.peapod.com/c/KK/KKNHZ.gif", "price": "339", "unit_price": "$.05/ oz", "name": "Nature's Promise Organics Chocolate Soy Milk Refrigerated", "cnid": "827", "productId": "136059", "size": "64 oz ctn"},
{"thumb": "http://i4.peapod.com/c/KK/KKNHZ.gif", "price": "219", "unit_price": "$.14/ oz", "name": "Nature's Promise Organics Half & Half", "cnid": "827", "productId": "155875", "size": "16 oz ctn"},
{"thumb": "http://i4.peapod.com/c/KK/KKNHZ.gif", "price": "385", "unit_price": "$.06/ oz", "name": "Nature's Promise Organics Milk Fat Free", "cnid": "827", "productId": "136056", "size": "64 oz ctn"},
{"thumb": "http://i4.peapod.com/c/KK/KKNHZ.gif", "price": "385", "unit_price": "$.06/ oz", "name": "Nature's Promise Organics Milk Low Fat 1%", "cnid": "827", "productId": "136054", "size": "64 oz ctn"},
{"thumb": "http://i4.peapod.com/c/KK/KKNHZ.gif", "price": "385", "unit_price": "$.06/ oz", "name": "Nature's Promise Organics Milk Reduced Fat 2%", "cnid": "827", "productId": "136055", "size": "64 oz ctn"},
{"thumb": "http://i4.peapod.com/c/KK/KKNHZ.gif", "price": "385", "unit_price": "$.06/ oz", "name": "Nature's Promise Organics Milk Whole Vitamin D", "cnid": "827", "productId": "136052", "size": "64 oz ctn"},
{"thumb": "http://i4.peapod.com/c/KK/KKNHZ.gif", "price": "339", "unit_price": "$.05/ oz", "name": "Nature's Promise Organics Original Soy Milk Refrigerated", "cnid": "827", "productId": "136057", "size": "64 oz ctn"},
{"thumb": "http://i4.peapod.com/c/KK/KKNHZ.gif", "price": "179", "unit_price": "$.06/ oz", "name": "Nature's Promise Organics Vanilla Rice Milk Enriched", "cnid": "827", "productId": "140718", "size": "32 oz ctn"},
{"thumb": "http://i4.peapod.com/c/KK/KKNHZ.gif", "price": "339", "unit_price": "$.05/ oz", "name": "Nature's Promise Organics Vanilla Soy Milk Refrigerated", "cnid": "827", "productId": "136058", "size": "64 oz ctn"},
{"thumb": "http://i4.peapod.com/c/KK/KKNHZ.gif", "price": "354", "unit_price": "$.11/ oz", "name": "Nestle Coffee-mate Creamer French Vanilla Fat Free Refrigerated", "cnid": "827", "productId": "109285", "size": "32 oz btl"},
{"thumb": "http://i4.peapod.com/c/KK/KKNHZ.gif", "price": "354", "unit_price": "$.11/ oz", "name": "Nestle Coffee-mate Creamer French Vanilla Refrigerated", "cnid": "827", "productId": "75766", "size": "32 oz btl"},
{"thumb": "http://i4.peapod.com/c/KK/KKNHZ.gif", "price": "354", "unit_price": "$.11/ oz", "name": "Nestle Coffee-mate Creamer French Vanilla Sugar Free Refrigerated", "cnid": "827", "productId": "142662", "size": "32 oz btl"},
{"thumb": "http://i4.peapod.com/c/KK/KKNHZ.gif", "price": "354", "unit_price": "$.11/ oz", "name": "Nestle Coffee-mate Creamer Hazelnut Fat Free Refrigerated", "cnid": "827", "productId": "109284", "size": "32 oz btl"},
{"thumb": "http://i4.peapod.com/c/KK/KKNHZ.gif", "price": "354", "unit_price": "$.11/ oz", "name": "Nestle Coffee-mate Creamer Hazelnut Refrigerated", "cnid": "827", "productId": "76521", "size": "32 oz btl"},
{"thumb": "http://i4.peapod.com/c/KK/KKNHZ.gif", "price": "354", "unit_price": "$.11/ oz", "name": "Nestle Coffee-mate Creamer Hazelnut Sugar Free Refrigerated", "cnid": "827", "productId": "142663", "size": "32 oz btl"},
{"thumb": "http://i4.peapod.com/c/KK/KKNHZ.gif", "price": "399", "unit_price": "$.25/ oz", "name": "Nestle Coffee-mate Creamer Original Fat Free Powder", "cnid": "827", "productId": "27880", "size": "16 oz btl"},
{"thumb": "http://i4.peapod.com/c/KK/KKNHZ.gif", "price": "349", "unit_price": "$.11/ oz", "name": "Nestle Coffee-mate Creamer Original Fat Free Refrigerated", "cnid": "827", "productId": "23698", "size": "32 oz btl"},
{"thumb": "http://i4.peapod.com/c/KK/KKNHZ.gif", "price": "399", "unit_price": "$.25/ oz", "name": "Nestle Coffee-mate Creamer Original Lite Powder", "cnid": "827", "productId": "6928", "size": "16 oz btl"},
{"thumb": "http://i4.peapod.com/c/KK/KKNHZ.gif", "price": "349", "unit_price": "$.11/ oz", "name": "Nestle Coffee-mate Creamer Original Low Fat Refrigerated", "cnid": "827", "productId": "21369", "size": "32 oz btl"},
{"thumb": "http://i4.peapod.com/c/KK/KKNHZ.gif", "price": "699", "unit_price": "$.20/ oz", "name": "Nestle Coffee-mate Creamer Original Powder", "cnid": "827", "productId": "30811", "size": "35.3 oz can"},
{"thumb": "http://i4.peapod.com/c/KK/KKNHZ.gif", "price": "469", "unit_price": "$.21/ oz", "name": "Nestle Coffee-mate Creamer Original Powder", "cnid": "827", "productId": "6930", "size": "22 oz btl"},
{"thumb": "http://i4.peapod.com/c/KK/KKNHZ.gif", "price": "349", "unit_price": "$.11/ oz", "name": "Nestle Coffee-mate Creamer Original Refrigerated", "cnid": "827", "productId": "6933", "size": "32 oz btl"},
{"thumb": "http://i4.peapod.com/c/KK/KKNHZ.gif", "price": "259", "unit_price": "$.16/ oz", "name": "Nestle Coffee-mate Natural Bliss Creamer Vanilla All Natural Refrigerated", "cnid": "827", "productId": "162850", "size": "16 oz btl"},
{"thumb": "http://i4.peapod.com/c/KK/KKNHZ.gif", "price": "399", "unit_price": "$.07/ oz", "name": "Nestle Nesquik Milk Chocolate Reduced Fat", "cnid": "827", "productId": "2559", "size": "56 oz btl"},
{"thumb": "http://i4.peapod.com/c/KK/KKNHZ.gif", "price": "339", "unit_price": "$.11/ oz", "name": "Pacific Natural Foods Almond Beverage Original Low Fat Organic Non-Dairy", "cnid": "827", "productId": "155468", "size": "32 oz ctn"},
{"thumb": "http://i4.peapod.com/c/KK/KKNHZ.gif", "price": "259", "unit_price": "$.08/ oz", "name": "Parmalat Milk Fat Free Shelf Stable", "cnid": "827", "productId": "73438", "size": "32 oz ctn"},
{"thumb": "http://i4.peapod.com/c/KK/KKNHZ.gif", "price": "259", "unit_price": "$.08/ oz", "name": "Parmalat Milk Low Fat 1% Shelf Stable", "cnid": "827", "productId": "36389", "size": "32 oz ctn"},
{"thumb": "http://i4.peapod.com/c/KK/KKNHZ.gif", "price": "259", "unit_price": "$.08/ oz", "name": "Parmalat Milk Reduced Fat 2% Shelf Stable", "cnid": "827", "productId": "36390", "size": "32 oz ctn"},
{"thumb": "http://i4.peapod.com/c/KK/KKNHZ.gif", "price": "259", "unit_price": "$.08/ oz", "name": "Parmalat Milk Whole Vitamin D Shelf Stable", "cnid": "827", "productId": "36122", "size": "32 oz ctn"},
{"thumb": "http://i4.peapod.com/c/KK/KKNHZ.gif", "price": "299", "unit_price": "$.09/ oz", "name": "Rice Dream Original Non-Dairy Beverage Enriched Organic", "cnid": "827", "productId": "46600", "size": "32 oz ctn"},
{"thumb": "http://i4.peapod.com/c/KK/KKNHZ.gif", "price": "439", "unit_price": "$.07/ oz", "name": "Rice Dream Rice Drink Enriched Vanilla", "cnid": "827", "productId": "117388", "size": "64 oz ctn"},
{"thumb": "http://i4.peapod.com/c/KK/KKNHZ.gif", "price": "299", "unit_price": "$.09/ oz", "name": "Rice Dream Vanilla Rice Drink Enriched", "cnid": "827", "productId": "46601", "size": "32 oz ctn"},
{"thumb": "http://i4.peapod.com/c/KK/KKNHZ.gif", "price": "360", "unit_price": "$.06/ oz", "name": "Silk Chocolate Soy Milk All Natural Refrigerated", "cnid": "827", "productId": "126581", "size": "64 oz ctn"},
{"thumb": "http://i4.peapod.com/c/KK/KKNHZ.gif", "price": "360", "unit_price": "$.06/ oz", "name": "Silk Original Soy Milk All Natural Refrigerated", "cnid": "827", "productId": "125974", "size": "64 oz ctn"},
{"thumb": "http://i4.peapod.com/c/KK/KKNHZ.gif", "price": "749", "unit_price": "$.06/ oz", "name": "Silk Original Soy Milk All Natural Refrigerated - 2 pk", "cnid": "827", "productId": "151405", "size": "128 oz pkg"},
{"thumb": "http://i4.peapod.com/c/KK/KKNHZ.gif", "price": "360", "unit_price": "$.06/ oz", "name": "Silk Original Soy Milk Light All Natural Refrigerated", "cnid": "827", "productId": "148189", "size": "64 oz ctn"},
{"thumb": "http://i4.peapod.com/c/KK/KKNHZ.gif", "price": "329", "unit_price": "$.10/ oz", "name": "Silk Original Soy Milk Natural Non-Refrigerated", "cnid": "827", "productId": "156322", "size": "32 oz ctn"},
{"thumb": "http://i4.peapod.com/c/KK/KKNHZ.gif", "price": "199", "unit_price": "$.12/ oz", "name": "Silk Soy Creamer Original Refrigerated", "cnid": "827", "productId": "127388", "size": "16 oz ctn"},
{"thumb": "http://i4.peapod.com/c/KK/KKNHZ.gif", "price": "399", "unit_price": "$.06/ oz", "name": "Silk Unsweetened Soy Milk Natural Refrigerated", "cnid": "827", "productId": "134843", "size": "64 oz ctn"},
{"thumb": "http://i4.peapod.com/c/KK/KKNHZ.gif", "price": "360", "unit_price": "$.06/ oz", "name": "Silk Vanilla Soy Milk All Natural Refrigerated", "cnid": "827", "productId": "124864", "size": "64 oz ctn"},
{"thumb": "http://i4.peapod.com/c/KK/KKNHZ.gif", "price": "360", "unit_price": "$.06/ oz", "name": "Silk Vanilla Soy Milk Light All Natural Refrigerated", "cnid": "827", "productId": "145281", "size": "64 oz ctn"},
{"thumb": "http://i4.peapod.com/c/KK/KKNHZ.gif", "price": "360", "unit_price": "$.06/ oz", "name": "Silk Very Vanilla Soy Milk All Natural Refrigerated", "cnid": "827", "productId": "134842", "size": "64 oz ctn"},
{"thumb": "http://i4.peapod.com/c/KK/KKNHZ.gif", "price": "369", "unit_price": "$.06/ oz", "name": "Smart Balance Milk Fat Free with Omega 3 & Vitamin E", "cnid": "827", "productId": "158200", "size": "64 oz ctn"},
{"thumb": "http://i4.peapod.com/c/KK/KKNHZ.gif", "price": "369", "unit_price": "$.06/ oz", "name": "Smart Balance Milk Fat Free with Omega-3 & Vitamin E Lactose Free", "cnid": "827", "productId": "158201", "size": "64 oz ctn"},
{"thumb": "http://i4.peapod.com/c/KK/KKNHZ.gif", "price": "200", "unit_price": "$.06/ oz", "name": "So Delicious Coconut Milk Beverage Vanilla Organic Shelf Stable", "cnid": "827", "productId": "161255", "size": "32 oz ctn"},
{"thumb": "http://i4.peapod.com/c/KK/KKNHZ.gif", "price": "399", "unit_price": "$.06/ oz", "name": "Stonyfield Milk Fat Free Organic", "cnid": "827", "productId": "141013", "size": "64 oz ctn"},
{"thumb": "http://i4.peapod.com/c/KK/KKNHZ.gif", "price": "399", "unit_price": "$.06/ oz", "name": "Stonyfield Milk Low Fat 1% Organic", "cnid": "827", "productId": "141014", "size": "64 oz ctn"},
{"thumb": "http://i4.peapod.com/c/KK/KKNHZ.gif", "price": "449", "unit_price": "$.07/ oz", "name": "Stonyfield Milk Reduced Fat 2% Omega-3 Organic", "cnid": "827", "productId": "176671", "size": "64 oz ctn"},
{"thumb": "http://i4.peapod.com/c/KK/KKNHZ.gif", "price": "399", "unit_price": "$.06/ oz", "name": "Stonyfield Milk Reduced Fat 2% Organic", "cnid": "827", "productId": "141015", "size": "64 oz ctn"},
{"thumb": "http://i4.peapod.com/c/KK/KKNHZ.gif", "price": "399", "unit_price": "$.06/ oz", "name": "Stonyfield Milk Whole Vitamin D Organic", "cnid": "827", "productId": "141016", "size": "64 oz ctn"},
{"thumb": "http://i4.peapod.com/c/KK/KKNHZ.gif", "price": "449", "unit_price": "$.07/ oz", "name": "Stonyfield Milk Whole Vitamins A & D Omega-3 Organic", "cnid": "827", "productId": "176670", "size": "64 oz ctn"},
{"thumb": "http://i4.peapod.com/c/KK/KKNHZ.gif", "price": "299", "unit_price": "$.09/ oz", "name": "Stop & Shop Coffee Creamer French Vanilla Fat Free Refrigerated", "cnid": "827", "productId": "162054", "size": "32 oz btl"},
{"thumb": "http://i4.peapod.com/c/KK/KKNHZ.gif", "price": "299", "unit_price": "$.19/ oz", "name": "Stop & Shop Coffee Creamer Original Light Non-Dairy Powder", "cnid": "827", "productId": "57114", "size": "16 oz jar"},
{"thumb": "http://i4.peapod.com/c/KK/KKNHZ.gif", "price": "429", "unit_price": "$.13/ oz", "name": "Stop & Shop Cream Heavy Whipping Ultra Pasteurized", "cnid": "827", "productId": "158196", "size": "32 oz ctn"},
{"thumb": "http://i4.peapod.com/c/KK/KKNHZ.gif", "price": "269", "unit_price": "$.17/ oz", "name": "Stop & Shop Cream Heavy Whipping Ultra Pasteurized", "cnid": "827", "productId": "57607", "size": "1 pint"},
{"thumb": "http://i4.peapod.com/c/KK/KKNHZ.gif", "price": "349", "unit_price": "$.11/ oz", "name": "Stop & Shop Cream Light Ultra Pasteurized", "cnid": "827", "productId": "57602", "size": "32 oz ctn"},
{"thumb": "http://i4.peapod.com/c/KK/KKNHZ.gif", "price": "469", "unit_price": "$.07/ oz", "name": "Stop & Shop Half & Half", "cnid": "827", "productId": "58243", "size": "64 oz ctn"},
{"thumb": "http://i4.peapod.com/c/KK/KKNHZ.gif", "price": "269", "unit_price": "$.08/ oz", "name": "Stop & Shop Half & Half Fat Free Ultra Pasteurized", "cnid": "827", "productId": "136243", "size": "32 oz ctn"},
{"thumb": "http://i4.peapod.com/c/KK/KKNHZ.gif", "price": "269", "unit_price": "$.08/ oz", "name": "Stop & Shop Half & Half Ultra Pasteurized", "cnid": "827", "productId": "58242", "size": "1 quart"},
{"thumb": "http://i4.peapod.com/c/KK/KKNHZ.gif", "price": "159", "unit_price": "$.10/ oz", "name": "Stop & Shop Half & Half Ultra Pasteurized", "cnid": "827", "productId": "58241", "size": "1 pint"},
{"thumb": "http://i4.peapod.com/c/KK/KKNHZ.gif", "price": "169", "unit_price": "$.05/ oz", "name": "Stop & Shop Milk Fat Free", "cnid": "827", "productId": "58059", "size": "1 quart"},
{"thumb": "http://i4.peapod.com/c/KK/KKNHZ.gif", "price": "409", "unit_price": "$.03/ oz", "name": "Stop & Shop Milk Fat Free", "cnid": "827", "productId": "58044", "size": "1 gal"},
{"thumb": "http://i4.peapod.com/c/KK/KKNHZ.gif", "price": "389", "unit_price": "$.06/ oz", "name": "Stop & Shop Milk Fat Free Lactose Free", "cnid": "827", "productId": "163893", "size": "64 oz ctn"},
{"thumb": "http://i4.peapod.com/c/KK/KKNHZ.gif", "price": "269", "unit_price": "$.04/ oz", "name": "Stop & Shop Milk Fat Free Skim", "cnid": "827", "productId": "58058", "size": "64 oz ctn"},
{"thumb": "http://i4.peapod.com/c/KK/KKNHZ.gif", "price": "409", "unit_price": "$.03/ oz", "name": "Stop & Shop Milk Low Fat 1%", "cnid": "827", "productId": "58037", "size": "1 gal"},
{"thumb": "http://i4.peapod.com/c/KK/KKNHZ.gif", "price": "269", "unit_price": "$.04/ oz", "name": "Stop & Shop Milk Low Fat 1%", "cnid": "827", "productId": "58057", "size": "64 oz ctn"},
{"thumb": "http://i4.peapod.com/c/KK/KKNHZ.gif", "price": "269", "unit_price": "$.04/ oz", "name": "Stop & Shop Milk Reduced Fat 2%", "cnid": "827", "productId": "58050", "size": "64 oz ctn"},
{"thumb": "http://i4.peapod.com/c/KK/KKNHZ.gif", "price": "409", "unit_price": "$.03/ oz", "name": "Stop & Shop Milk Reduced Fat 2%", "cnid": "827", "productId": "58045", "size": "1 gal"},
{"thumb": "http://i4.peapod.com/c/KK/KKNHZ.gif", "price": "219", "unit_price": "$.09/ oz", "name": "Stop & Shop Milk Reduced Fat 2% Shelf Stable - 3 pk", "cnid": "827", "productId": "170454", "size": "8 oz ctn"},
{"thumb": "http://i4.peapod.com/c/KK/KKNHZ.gif", "price": "409", "unit_price": "$.03/ oz", "name": "Stop & Shop Milk Whole Vitamin D", "cnid": "827", "productId": "58049", "size": "1 gal"},
{"thumb": "http://i4.peapod.com/c/KK/KKNHZ.gif", "price": "169", "unit_price": "$.05/ oz", "name": "Stop & Shop Milk Whole Vitamin D", "cnid": "827", "productId": "58047", "size": "32 oz ctn"},
{"thumb": "http://i4.peapod.com/c/KK/KKNHZ.gif", "price": "269", "unit_price": "$.04/ oz", "name": "Stop & Shop Milk Whole Vitamin D", "cnid": "827", "productId": "58048", "size": "64 oz ctn"},
{"thumb": "http://i4.peapod.com/c/KK/KKNHZ.gif", "price": "219", "unit_price": "$.09/ oz", "name": "Stop & Shop Milk Whole Vitamin D Shelf Stable - 3 pk", "cnid": "827", "productId": "167155", "size": "8 oz ctn"},
{"thumb": "http://i4.peapod.com/c/KK/KKNHZ.gif", "price": "269", "unit_price": "$.17/ oz", "name": "Stop & Shop Whipping Cream Ultra Pasteurized", "cnid": "827", "productId": "57604", "size": "1 pint"},
{"thumb": "http://i4.peapod.com/c/KK/KKNHZ.gif", "price": "299", "unit_price": "$.22/ oz", "name": "Thai Kitchen Coconut Milk Lite All Natural", "cnid": "827", "productId": "157571", "size": "13.6 oz can"},
{"thumb": "http://i4.peapod.com/c/KK/KKNHZ.gif", "price": "399", "unit_price": "$.06/ oz", "name": "Yoo-Hoo Chocolate Drink - 10 pk", "cnid": "827", "productId": "82910", "size": "6.5 oz ctn"},
{"thumb": "http://i4.peapod.com/c/KK/KKNHZ.gif", "price": "399", "unit_price": "$7.99/ lb", "name": "Alpine Lace Deli American Cheese White 25% Reduced Fat (Regular Sliced)", "cnid": "3038", "productId": "111694", "size": "apx 1/2 lb"},
{"thumb": "http://i4.peapod.com/c/KK/KKNHZ.gif", "price": "399", "unit_price": "$7.99/ lb", "name": "Alpine Lace Deli American Cheese White 25% Reduced Fat (Thin Sliced)", "cnid": "3038", "productId": "157745", "size": "apx 1/2 lb"},
{"thumb": "http://i4.peapod.com/c/KK/KKNHZ.gif", "price": "399", "unit_price": "$7.99/ lb", "name": "Alpine Lace Deli Muenster Cheese (Regular Sliced)", "cnid": "3038", "productId": "113288", "size": "apx 1/2 lb"},
{"thumb": "http://i4.peapod.com/c/KK/KKNHZ.gif", "price": "399", "unit_price": "$7.99/ lb", "name": "Alpine Lace Deli Muenster Cheese (Thin Sliced)", "cnid": "3038", "productId": "157746", "size": "apx 1/2 lb"},
{"thumb": "http://i4.peapod.com/c/KK/KKNHZ.gif", "price": "399", "unit_price": "$7.99/ lb", "name": "Alpine Lace Deli Provolone Cheese (Regular Sliced)", "cnid": "3038", "productId": "113289", "size": "apx 1/2 lb"},
{"thumb": "http://i4.peapod.com/c/KK/KKNHZ.gif", "price": "399", "unit_price": "$7.99/ lb", "name": "Alpine Lace Deli Provolone Cheese (Thin Sliced)", "cnid": "3038", "productId": "157747", "size": "apx 1/2 lb"},
{"thumb": "http://i4.peapod.com/c/KK/KKNHZ.gif", "price": "449", "unit_price": "$8.99/ lb", "name": "Boar's Head Bold Deli Colby Jack Cheese 3 Pepper Spicy (Regular Sliced)", "cnid": "3038", "productId": "186822", "size": "apx 1/2 lb"},
{"thumb": "http://i4.peapod.com/c/KK/KKNHZ.gif", "price": "449", "unit_price": "$8.99/ lb", "name": "Boar's Head Bold Deli Colby Jack Cheese 3 Pepper Spicy (Thin Sliced)", "cnid": "3038", "productId": "191200", "size": "apx 1/2 lb"},
{"thumb": "http://i4.peapod.com/c/KK/KKNHZ.gif", "price": "449", "unit_price": "$8.99/ lb", "name": "Boar's Head Bold Deli Gouda Cheese Chipotle Savory (Regular Sliced)", "cnid": "3038", "productId": "186823", "size": "apx 1/2 lb"},
{"thumb": "http://i4.peapod.com/c/KK/KKNHZ.gif", "price": "449", "unit_price": "$8.99/ lb", "name": "Boar's Head Bold Deli Gouda Cheese Chipotle Savory (Thin Sliced)", "cnid": "3038", "productId": "191201", "size": "apx 1/2 lb"},
{"thumb": "http://i4.peapod.com/c/KK/KKNHZ.gif", "price": "385", "unit_price": "$7.69/ lb", "name": "Boar's Head Deli American Cheese White (Regular Sliced)", "cnid": "3038", "productId": "113290", "size": "apx 1/2 lb"},
{"thumb": "http://i4.peapod.com/c/KK/KKNHZ.gif", "price": "385", "unit_price": "$7.69/ lb", "name": "Boar's Head Deli American Cheese White (Thin Sliced)", "cnid": "3038", "productId": "153166", "size": "apx 1/2 lb"},
{"thumb": "http://i4.peapod.com/c/KK/KKNHZ.gif", "price": "434", "unit_price": "$8.69/ lb", "name": "Boar's Head Deli American Cheese White Low Fat (Regular Sliced)", "cnid": "3038", "productId": "158816", "size": "apx 1/2 lb"},
{"thumb": "http://i4.peapod.com/c/KK/KKNHZ.gif", "price": "434", "unit_price": "$8.69/ lb", "name": "Boar's Head Deli American Cheese White Low Fat (Thin Sliced)", "cnid": "3038", "productId": "158815", "size": "apx 1/2 lb"},
{"thumb": "http://i4.peapod.com/c/KK/KKNHZ.gif", "price": "385", "unit_price": "$7.69/ lb", "name": "Boar's Head Deli American Cheese Yellow (Regular Sliced)", "cnid": "3038", "productId": "113291", "size": "apx 1/2 lb"},
{"thumb": "http://i4.peapod.com/c/KK/KKNHZ.gif", "price": "385", "unit_price": "$7.69/ lb", "name": "Boar's Head Deli American Cheese Yellow (Thin Sliced)", "cnid": "3038", "productId": "153165", "size": "apx 1/2 lb"},
{"thumb": "http://i4.peapod.com/c/KK/KKNHZ.gif", "price": "449", "unit_price": "$8.99/ lb", "name": "Boar's Head Deli Cheddar Cheese Double Gloucester (Regular Sliced)", "cnid": "3038", "productId": "116527", "size": "apx 1/2 lb"},
{"thumb": "http://i4.peapod.com/c/KK/KKNHZ.gif", "price": "449", "unit_price": "$8.99/ lb", "name": "Boar's Head Deli Cheddar Cheese Double Gloucester (Thin Sliced)", "cnid": "3038", "productId": "157713", "size": "apx 1/2 lb"},
{"thumb": "http://i4.peapod.com/c/KK/KKNHZ.gif", "price": "449", "unit_price": "$8.99/ lb", "name": "Boar's Head Deli Cheddar Cheese Extra Aged Yellow (Regular Sliced)", "cnid": "3038", "productId": "154830", "size": "apx 1/2 lb"},
{"thumb": "http://i4.peapod.com/c/KK/KKNHZ.gif", "price": "449", "unit_price": "$8.99/ lb", "name": "Boar's Head Deli Cheddar Cheese Extra Aged Yellow (Thin Sliced)", "cnid": "3038", "productId": "157761", "size": "apx 1/2 lb"},
{"thumb": "http://i4.peapod.com/c/KK/KKNHZ.gif", "price": "464", "unit_price": "$9.29/ lb", "name": "Boar's Head Deli Cheddar Cheese Horseradish (Regular Sliced)", "cnid": "3038", "productId": "140789", "size": "apx 1/2 lb"},
{"thumb": "http://i4.peapod.com/c/KK/KKNHZ.gif", "price": "464", "unit_price": "$9.29/ lb", "name": "Boar's Head Deli Cheddar Cheese Horseradish (Thin Sliced)", "cnid": "3038", "productId": "157760", "size": "apx 1/2 lb"},
{"thumb": "http://i4.peapod.com/c/KK/KKNHZ.gif", "price": "424", "unit_price": "$8.49/ lb", "name": "Boar's Head Deli Monterey Jack Cheese with Jalapeno (Regular Sliced)", "cnid": "3038", "productId": "116523", "size": "apx 1/2 lb"},
{"thumb": "http://i4.peapod.com/c/KK/KKNHZ.gif", "price": "424", "unit_price": "$8.49/ lb", "name": "Boar's Head Deli Mozzarella Cheese (Regular Sliced)", "cnid": "3038", "productId": "116517", "size": "apx 1/2 lb"},
{"thumb": "http://i4.peapod.com/c/KK/KKNHZ.gif", "price": "424", "unit_price": "$8.49/ lb", "name": "Boar's Head Deli Mozzarella Cheese (Thin Sliced)", "cnid": "3038", "productId": "157744", "size": "apx 1/2 lb"},
{"thumb": "http://i4.peapod.com/c/KK/KKNHZ.gif", "price": "424", "unit_price": "$8.49/ lb", "name": "Boar's Head Deli Muenster Cheese Low Sodium (Regular Sliced)", "cnid": "3038", "productId": "116520", "size": "apx 1/2 lb"},
{"thumb": "http://i4.peapod.com/c/KK/KKNHZ.gif", "price": "424", "unit_price": "$8.49/ lb", "name": "Boar's Head Deli Muenster Cheese Low Sodium (Thin Sliced)", "cnid": "3038", "productId": "157750", "size": "apx 1/2 lb"},
{"thumb": "http://i4.peapod.com/c/KK/KKNHZ.gif", "price": "449", "unit_price": "$8.99/ lb", "name": "Boar's Head Deli Provolone Cheese Mild (Regular Sliced)", "cnid": "3038", "productId": "116519", "size": "apx 1/2 lb"},
{"thumb": "http://i4.peapod.com/c/KK/KKNHZ.gif", "price": "449", "unit_price": "$8.99/ lb", "name": "Boar's Head Deli Provolone Cheese Mild (Thin Sliced)", "cnid": "3038", "productId": "157751", "size": "apx 1/2 lb"},
{"thumb": "http://i4.peapod.com/c/KK/KKNHZ.gif", "price": "424", "unit_price": "$8.49/ lb", "name": "Boar's Head Deli Provolone Cheese Picante (Regular Sliced)", "cnid": "3038", "productId": "116518", "size": "apx 1/2 lb"},
{"thumb": "http://i4.peapod.com/c/KK/KKNHZ.gif", "price": "424", "unit_price": "$8.49/ lb", "name": "Boar's Head Deli Provolone Cheese Picante (Thin Sliced)", "cnid": "3038", "productId": "157753", "size": "apx 1/2 lb"},
{"thumb": "http://i4.peapod.com/c/KK/KKNHZ.gif", "price": "499", "unit_price": "$9.99/ lb", "name": "Boar's Head Deli Swiss Cheese Gold Label Imported (Regular Sliced)", "cnid": "3038", "productId": "116514", "size": "apx 1/2 lb"},
{"thumb": "http://i4.peapod.com/c/KK/KKNHZ.gif", "price": "499", "unit_price": "$9.99/ lb", "name": "Boar's Head Deli Swiss Cheese Gold Label Imported (Thin Sliced)", "cnid": "3038", "productId": "156933", "size": "apx 1/2 lb"},
{"thumb": "http://i4.peapod.com/c/KK/KKNHZ.gif", "price": "399", "unit_price": "$7.99/ lb", "name": "Boar's Head Master Cheesemaker's Deli Asiago Cheese (Regular Sliced)", "cnid": "3038", "productId": "156083", "size": "apx 1/2 lb"},
{"thumb": "http://i4.peapod.com/c/KK/KKNHZ.gif", "price": "399", "unit_price": "$7.99/ lb", "name": "Boar's Head Master Cheesemaker's Deli Asiago Cheese (Thin Sliced)", "cnid": "3038", "productId": "158817", "size": "apx 1/2 lb"},
{"thumb": "http://i4.peapod.com/c/KK/KKNHZ.gif", "price": "480", "unit_price": "$9.59/ lb", "name": "Boar's Head Master Cheesemaker's Deli Havarti Cheese Cream (Reg Sliced)", "cnid": "3038", "productId": "116525", "size": "apx 1/2 lb"},
{"thumb": "http://i4.peapod.com/c/KK/KKNHZ.gif", "price": "480", "unit_price": "$9.59/ lb", "name": "Boar's Head Master Cheesemaker's Deli Havarti Cheese Cream (Thin Sliced)", "cnid": "3038", "productId": "157709", "size": "apx 1/2 lb"},
{"thumb": "http://i4.peapod.com/c/KK/KKNHZ.gif", "price": "399", "unit_price": "$7.99/ lb", "name": "Boar's Head Master Cheesemaker's Deli Monterey Jack Cheese (Reg Sliced)", "cnid": "3038", "productId": "116522", "size": "apx 1/2 lb"},
{"thumb": "http://i4.peapod.com/c/KK/KKNHZ.gif", "price": "399", "unit_price": "$7.99/ lb", "name": "Boar's Head Master Cheesemaker's Deli Monterey Jack Cheese (Thin Sliced)", "cnid": "3038", "productId": "157741", "size": "apx 1/2 lb"},
{"thumb": "http://i4.peapod.com/c/KK/KKNHZ.gif", "price": "424", "unit_price": "$8.49/ lb", "name": "Boar's Head Master Cheesemaker's Deli Muenster Cheese (Reg Sliced)", "cnid": "3038", "productId": "116521", "size": "apx 1/2 lb"},
{"thumb": "http://i4.peapod.com/c/KK/KKNHZ.gif", "price": "424", "unit_price": "$8.49/ lb", "name": "Boar's Head Master Cheesemaker's Deli Muenster Cheese (Thin Sliced)", "cnid": "3038", "productId": "157749", "size": "apx 1/2 lb"},
{"thumb": "http://i4.peapod.com/c/KK/KKNHZ.gif", "price": "524", "unit_price": "$10.49/ lb", "name": "Boar's Head Master Cheesemaker's Deli Swiss Cheese Baby (Regular Sliced)", "cnid": "3038", "productId": "116513", "size": "apx 1/2 lb"},
{"thumb": "http://i4.peapod.com/c/KK/KKNHZ.gif", "price": "524", "unit_price": "$10.49/ lb", "name": "Boar's Head Master Cheesemaker's Deli Swiss Cheese Baby (Thin Sliced)", "cnid": "3038", "productId": "157763", "size": "apx 1/2 lb"},
{"thumb": "http://i4.peapod.com/c/KK/KKNHZ.gif", "price": "524", "unit_price": "$10.49/ lb", "name": "Boar's Head Master Cheesemaker's Deli Swiss Cheese Lacey (Reg Sliced)", "cnid": "3038", "productId": "116516", "size": "apx 1/2 lb"},
{"thumb": "http://i4.peapod.com/c/KK/KKNHZ.gif", "price": "524", "unit_price": "$10.49/ lb", "name": "Boar's Head Master Cheesemaker's Deli Swiss Cheese Lacey (Thin Sliced)", "cnid": "3038", "productId": "157764", "size": "apx 1/2 lb"},
{"thumb": "http://i4.peapod.com/c/KK/KKNHZ.gif", "price": "474", "unit_price": "$9.49/ lb", "name": "Boar's Head Master Cheesemaker's Deli Vermont Cheddar Cheese (Reg Sliced)", "cnid": "3038", "productId": "131580", "size": "apx 1/2 lb"},
{"thumb": "http://i4.peapod.com/c/KK/KKNHZ.gif", "price": "474", "unit_price": "$9.49/ lb", "name": "Boar's Head Master Cheesemaker's Deli Vermont Cheddar Cheese (Thin Sliced)", "cnid": "3038", "productId": "131577", "size": "apx 1/2 lb"},
{"thumb": "http://i4.peapod.com/c/KK/KKNHZ.gif", "price": "449", "unit_price": "$5.99/ lb", "name": "Deli Feta Cheese Chunk", "cnid": "3038", "productId": "9968", "size": "apx 3/4 lb"},
{"thumb": "http://i4.peapod.com/c/KK/KKNHZ.gif", "price": "374", "unit_price": "$7.49/ lb", "name": "Deli Havarti Cheese Danish Plain Chunk", "cnid": "3038", "productId": "131017", "size": "apx 1/2 lb"},
{"thumb": "http://i4.peapod.com/c/KK/KKNHZ.gif", "price": "349", "unit_price": "$6.99/ lb", "name": "Deli Provolone Cheese (Regular Sliced)", "cnid": "3038", "productId": "157710", "size": "apx 1/2 lb"},
{"thumb": "http://i4.peapod.com/c/KK/KKNHZ.gif", "price": "349", "unit_price": "$6.99/ lb", "name": "Deli Provolone Cheese (Thin Sliced)", "cnid": "3038", "productId": "111226", "size": "apx 1/2 lb"},
{"thumb": "http://i4.peapod.com/c/KK/KKNHZ.gif", "price": "374", "unit_price": "$7.49/ lb", "name": "Denmark's Finest Havarti Cheese with Dill Chunk", "cnid": "3038", "productId": "131018", "size": "apx 1/2 lb"},
{"thumb": "http://i4.peapod.com/c/KK/KKNHZ.gif", "price": "424", "unit_price": "$8.49/ lb", "name": "Jarlsberg Deli Swiss Cheese (Regular Sliced)", "cnid": "3038", "productId": "106859", "size": "apx 1/2 lb"},
{"thumb": "http://i4.peapod.com/c/KK/KKNHZ.gif", "price": "349", "unit_price": "$6.99/ lb", "name": "Jarlsberg Deli Swiss Cheese Lite (Thin Sliced)", "cnid": "3038", "productId": "106858", "size": "apx 1/2 lb"},
{"thumb": "http://i4.peapod.com/c/KK/KKNHZ.gif", "price": "299", "unit_price": "$5.99/ lb", "name": "LAND O LAKES Deli American Cheese Product White (Regular Sliced)", "cnid": "3038", "productId": "106871", "size": "apx 1/2 lb"},
{"thumb": "http://i4.peapod.com/c/KK/KKNHZ.gif", "price": "299", "unit_price": "$5.99/ lb", "name": "LAND O LAKES Deli American Cheese Product White (Thin Sliced)", "cnid": "3038", "productId": "106872", "size": "apx 1/2 lb"},
{"thumb": "http://i4.peapod.com/c/KK/KKNHZ.gif", "price": "299", "unit_price": "$5.99/ lb", "name": "LAND O LAKES Deli American Cheese Product Yellow (Regular Sliced)", "cnid": "3038", "productId": "106873", "size": "apx 1/2 lb"},
{"thumb": "http://i4.peapod.com/c/KK/KKNHZ.gif", "price": "299", "unit_price": "$5.99/ lb", "name": "LAND O LAKES Deli American Cheese Product Yellow (Thin Sliced)", "cnid": "3038", "productId": "106874", "size": "apx 1/2 lb"},
{"thumb": "http://i4.peapod.com/c/KK/KKNHZ.gif", "price": "299", "unit_price": "$5.99/ lb", "name": "LAND O LAKES Deli American Cheese White 2% Milk (Regular Sliced)", "cnid": "3038", "productId": "158819", "size": "apx 1/2 lb"},
{"thumb": "http://i4.peapod.com/c/KK/KKNHZ.gif", "price": "299", "unit_price": "$5.99/ lb", "name": "LAND O LAKES Deli American Cheese White 2% Milk (Thin Sliced)", "cnid": "3038", "productId": "158818", "size": "apx 1/2 lb"},
{"thumb": "http://i4.peapod.com/c/KK/KKNHZ.gif", "price": "249", "unit_price": "$4.99/ lb", "name": "Stop & Shop Deli American Cheese White (Regular Sliced)", "cnid": "3038", "productId": "106691", "size": "apx 1/2 lb"},
{"thumb": "http://i4.peapod.com/c/KK/KKNHZ.gif", "price": "499", "unit_price": "$4.99/ lb", "name": "Stop & Shop Deli American Cheese White (Regular Sliced)", "cnid": "3038", "productId": "157726", "size": "apx 1 lb"},
{"thumb": "http://i4.peapod.com/c/KK/KKNHZ.gif", "price": "249", "unit_price": "$4.99/ lb", "name": "Stop & Shop Deli American Cheese White (Thin Sliced)", "cnid": "3038", "productId": "106692", "size": "apx 1/2 lb"},
{"thumb": "http://i4.peapod.com/c/KK/KKNHZ.gif", "price": "499", "unit_price": "$4.99/ lb", "name": "Stop & Shop Deli American Cheese White (Thin Sliced)", "cnid": "3038", "productId": "128615", "size": "apx 1 lb"},
{"thumb": "http://i4.peapod.com/c/KK/KKNHZ.gif", "price": "249", "unit_price": "$4.99/ lb", "name": "Stop & Shop Deli American Cheese Yellow (Regular Sliced)", "cnid": "3038", "productId": "116478", "size": "apx 1/2 lb"},
{"thumb": "http://i4.peapod.com/c/KK/KKNHZ.gif", "price": "499", "unit_price": "$4.99/ lb", "name": "Stop & Shop Deli American Cheese Yellow (Regular Sliced)", "cnid": "3038", "productId": "128617", "size": "apx 1 lb"},
{"thumb": "http://i4.peapod.com/c/KK/KKNHZ.gif", "price": "499", "unit_price": "$4.99/ lb", "name": "Stop & Shop Deli American Cheese Yellow (Thin Sliced)", "cnid": "3038", "productId": "157733", "size": "apx 1 lb"},
{"thumb": "http://i4.peapod.com/c/KK/KKNHZ.gif", "price": "249", "unit_price": "$4.99/ lb", "name": "Stop & Shop Deli American Cheese Yellow (Thin Sliced)", "cnid": "3038", "productId": "116479", "size": "apx 1/2 lb"},
{"thumb": "http://i4.peapod.com/c/KK/KKNHZ.gif", "price": "349", "unit_price": "$6.99/ lb", "name": "Stop & Shop Deli Swiss Cheese Premium Domestic (Regular Sliced)", "cnid": "3038", "productId": "131134", "size": "apx 1/2 lb"},
{"thumb": "http://i4.peapod.com/c/KK/KKNHZ.gif", "price": "349", "unit_price": "$6.99/ lb", "name": "Stop & Shop Deli Swiss Cheese Premium Domestic (Thin Sliced)", "cnid": "3038", "productId": "131135", "size": "apx 1/2 lb"},
{"thumb": "http://i4.peapod.com/c/KK/KKNHZ.gif", "price": "295", "unit_price": "$.18/ oz", "name": "All Whites 100% Liquid Egg Whites Fat Free", "cnid": "819", "productId": "117799", "size": "16 oz ctn"},
{"thumb": "http://i4.peapod.com/c/KK/KKNHZ.gif", "price": "529", "unit_price": "$.17/ oz", "name": "All Whites 100% Liquid Egg Whites Fat Free Pour Spout", "cnid": "819", "productId": "148332", "size": "32 oz ctn"},
{"thumb": "http://i4.peapod.com/c/KK/KKNHZ.gif", "price": "250", "unit_price": "$.16/ oz", "name": "Egg Beaters Egg Product Original with Pour Spout Low Fat", "cnid": "819", "productId": "117141", "size": "16 oz ctn"},
{"thumb": "http://i4.peapod.com/c/KK/KKNHZ.gif", "price": "549", "unit_price": "$.17/ oz", "name": "Egg Beaters Egg Product Original with Pour Spout Low Fat", "cnid": "819", "productId": "136246", "size": "32 oz ctn"},
{"thumb": "http://i4.peapod.com/c/KK/KKNHZ.gif", "price": "379", "unit_price": "$3.79/ doz", "name": "Eggland's Best Eggs Grade A Extra Large Vegetarian Fed Hens", "cnid": "819", "productId": "117109", "size": "1 doz"},
{"thumb": "http://i4.peapod.com/c/KK/KKNHZ.gif", "price": "239", "unit_price": "$4.78/ doz", "name": "Eggland's Best Eggs Grade A Large Vegetarian Fed Hens", "cnid": "819", "productId": "122547", "size": "1/2 doz"},
{"thumb": "http://i4.peapod.com/c/KK/KKNHZ.gif", "price": "369", "unit_price": "$3.69/ doz", "name": "Eggland's Best Eggs Grade A Large Vegetarian Fed Hens", "cnid": "819", "productId": "57874", "size": "1 doz"},
{"thumb": "http://i4.peapod.com/c/KK/KKNHZ.gif", "price": "309", "unit_price": "$3.09/ doz", "name": "Farm Fresh Eggs Grade A Brown Jumbo", "cnid": "819", "productId": "57873", "size": "1 doz"},
{"thumb": "http://i4.peapod.com/c/KK/KKNHZ.gif", "price": "339", "unit_price": "$3.39/ doz", "name": "LAND O LAKES Eggs Brown Large Grade A All Natural", "cnid": "819", "productId": "126135", "size": "1 doz"},
{"thumb": "http://i4.peapod.com/c/KK/KKNHZ.gif", "price": "349", "unit_price": "$3.49/ doz", "name": "LAND O LAKES Eggs Grade A Brown Extra Large All Natural", "cnid": "819", "productId": "126134", "size": "1 doz"},
{"thumb": "http://i4.peapod.com/c/KK/KKNHZ.gif", "price": "329", "unit_price": "$3.29/ doz", "name": "Nature's Promise Naturals Eggs Brown Extra Large Omega-3", "cnid": "819", "productId": "136907", "size": "1 doz"},
{"thumb": "http://i4.peapod.com/c/KK/KKNHZ.gif", "price": "369", "unit_price": "$3.69/ doz", "name": "Nature's Promise Naturals Eggs Brown Large Cage Free", "cnid": "819", "productId": "136906", "size": "1 doz"},
{"thumb": "http://i4.peapod.com/c/KK/KKNHZ.gif", "price": "429", "unit_price": "$2.86/ doz", "name": "Nature's Promise Naturals Eggs Brown Large Omega-3", "cnid": "819", "productId": "158315", "size": "1.5 doz"},
{"thumb": "http://i4.peapod.com/c/KK/KKNHZ.gif", "price": "319", "unit_price": "$3.19/ doz", "name": "Nature's Promise Naturals Eggs Large Omega-3", "cnid": "819", "productId": "136908", "size": "1 doz"},
{"thumb": "http://i4.peapod.com/c/KK/KKNHZ.gif", "price": "279", "unit_price": "$5.58/ doz", "name": "Pete & Gerry's Eggs Grade A Brown Large Organic", "cnid": "819", "productId": "118871", "size": "1/2 doz"},
{"thumb": "http://i4.peapod.com/c/KK/KKNHZ.gif", "price": "299", "unit_price": "$5.98/ doz", "name": "Pete & Gerry's Eggs Grade A Brown X-Large Organic", "cnid": "819", "productId": "158316", "size": "1/2 doz"},
{"thumb": "http://i4.peapod.com/c/KK/KKNHZ.gif", "price": "259", "unit_price": "$2.59/ doz", "name": "Stop & Shop Eggs Brown Grade A Extra Large", "cnid": "819", "productId": "117800", "size": "1 doz"},
{"thumb": "http://i4.peapod.com/c/KK/KKNHZ.gif", "price": "199", "unit_price": "$1.99/ doz", "name": "Stop & Shop Eggs Brown Grade A Large", "cnid": "819", "productId": "57869", "size": "1 doz"},
{"thumb": "http://i4.peapod.com/c/KK/KKNHZ.gif", "price": "379", "unit_price": "$2.53/ doz", "name": "Stop & Shop Eggs Brown Grade A Large", "cnid": "819", "productId": "57870", "size": "1.5 doz"},
{"thumb": "http://i4.peapod.com/c/KK/KKNHZ.gif", "price": "139", "unit_price": "$2.08/ doz", "name": "Stop & Shop Eggs Grade A Large", "cnid": "819", "productId": "164968", "size": "8 ct pkg"},
{"thumb": "http://i4.peapod.com/c/KK/KKNHZ.gif", "price": "239", "unit_price": "$2.39/ doz", "name": "Stop & Shop Eggs Grade A Medium", "cnid": "819", "productId": "148335", "size": "1 doz"},
{"thumb": "http://i4.peapod.com/c/KK/KKNHZ.gif", "price": "429", "unit_price": "$.13/ oz", "name": "Stop & Shop Egg Substitutes 99% Egg Product (Egg Whites)", "cnid": "819", "productId": "138875", "size": "32 oz ctn"},
{"thumb": "http://i4.peapod.com/c/KK/KKNHZ.gif", "price": "99", "unit_price": "$.99/ doz", "name": "Stop & Shop Eggs White Grade A Large", "cnid": "819", "productId": "57872", "size": "1 doz"},
{"thumb": "http://i4.peapod.com/c/KK/KKNHZ.gif", "price": "429", "unit_price": "$.13/ oz", "name": "Stop & Shop Egg Whites Liquid Fat Free Cholesterol Free", "cnid": "819", "productId": "167564", "size": "32 oz ctn"},
{"thumb": "http://i4.peapod.com/c/KK/KKNHZ.gif", "price": "369", "unit_price": "$7.38/ doz", "name": "The Country Hen Eggs Grade A Brown Extra Large Omega-3 Organic Cage Free", "cnid": "819", "productId": "37043", "size": "1/2 doz"},
{"thumb": "http://i4.peapod.com/c/KK/KKNHZ.gif", "price": "359", "unit_price": "$7.18/ doz", "name": "The Country Hen Eggs Grade A Brown Large Organic Cage Free", "cnid": "819", "productId": "148341", "size": "1/2 doz"},
{"thumb": "http://i4.peapod.com/c/KK/KKNHZ.gif", "price": "429", "unit_price": "$5.96/ lb", "name": "Breakstone's Temp Tee Cream Cheese Whipped", "cnid": "815", "productId": "71842", "size": "11.5 oz tub"},
{"thumb": "http://i4.peapod.com/c/KK/KKNHZ.gif", "price": "250", "unit_price": "$3.97/ lb", "name": "Kraft Philadelphia Cooking Creme Santa Fe Blend", "cnid": "815", "productId": "161666", "size": "10 oz tub"},
{"thumb": "http://i4.peapod.com/c/KK/KKNHZ.gif", "price": "250", "unit_price": "$3.97/ lb", "name": "Kraft Philadelphia Cooking Creme Savory Garlic", "cnid": "815", "productId": "161668", "size": "10 oz tub"},
{"thumb": "http://i4.peapod.com/c/KK/KKNHZ.gif", "price": "285", "unit_price": "$5.70/ lb", "name": "Kraft Philadelphia Cream Cheese Brick Original", "cnid": "815", "productId": "1751", "size": "8 oz bar"},
{"thumb": "http://i4.peapod.com/c/KK/KKNHZ.gif", "price": "289", "unit_price": "$5.78/ lb", "name": "Kraft Philadelphia Cream Cheese Spread 1/3 Less Fat Garden Vegetable", "cnid": "815", "productId": "44057", "size": "8 oz tub"},
{"thumb": "http://i4.peapod.com/c/KK/KKNHZ.gif", "price": "429", "unit_price": "$5.72/ lb", "name": "Kraft Philadelphia Cream Cheese Spread Light", "cnid": "815", "productId": "14715", "size": "12 oz tub"},
{"thumb": "http://i4.peapod.com/c/KK/KKNHZ.gif", "price": "469", "unit_price": "$4.69/ lb", "name": "Kraft Philadelphia Cream Cheese Spread Regular", "cnid": "815", "productId": "26830", "size": "16 oz tub"},
{"thumb": "http://i4.peapod.com/c/KK/KKNHZ.gif", "price": "429", "unit_price": "$5.72/ lb", "name": "Kraft Philadelphia Cream Cheese Spread Regular", "cnid": "815", "productId": "1766", "size": "12 oz tub"},
{"thumb": "http://i4.peapod.com/c/KK/KKNHZ.gif", "price": "289", "unit_price": "$5.78/ lb", "name": "Kraft Philadelphia Cream Cheese Spread Strawberry", "cnid": "815", "productId": "1754", "size": "8 oz tub"},
{"thumb": "http://i4.peapod.com/c/KK/KKNHZ.gif", "price": "429", "unit_price": "$5.96/ lb", "name": "Kraft Philadelphia Cream Cheese Spread Whipped", "cnid": "815", "productId": "117806", "size": "11.5 oz tub"},
{"thumb": "http://i4.peapod.com/c/KK/KKNHZ.gif", "price": "285", "unit_price": "$5.70/ lb", "name": "Kraft Philadelphia Neufchatel Cheese 1/3 Less Fat Brick", "cnid": "815", "productId": "1752", "size": "8 oz bar"},
{"thumb": "http://i4.peapod.com/c/KK/KKNHZ.gif", "price": "199", "unit_price": "$3.98/ lb", "name": "Stop & Shop Cream Cheese Brick", "cnid": "815", "productId": "57766", "size": "8 oz bar"},
{"thumb": "http://i4.peapod.com/c/KK/KKNHZ.gif", "price": "249", "unit_price": "$4.98/ lb", "name": "Stop & Shop Cream Cheese Light Soft", "cnid": "815", "productId": "160566", "size": "8 oz tub"},
{"thumb": "http://i4.peapod.com/c/KK/KKNHZ.gif", "price": "359", "unit_price": "$3.59/ lb", "name": "Stop & Shop Cream Cheese Soft", "cnid": "815", "productId": "132355", "size": "16 oz tub"},
{"thumb": "http://i4.peapod.com/c/KK/KKNHZ.gif", "price": "299", "unit_price": "$3.99/ lb", "name": "Stop & Shop Cream Cheese Whipped", "cnid": "815", "productId": "117807", "size": "12 oz tub"},
{"thumb": "http://i4.peapod.com/c/KK/KKNHZ.gif", "price": "199", "unit_price": "$3.98/ lb", "name": "Stop & Shop Neufchatel Cheese 1/3 Less Fat Brick", "cnid": "815", "productId": "72371", "size": "8 oz bar"},
{"thumb": "http://i4.peapod.com/c/KK/KKNHZ.gif", "price": "359", "unit_price": "$7.18/ lb", "name": "Tofutti Better Than Cream Cheese Plain", "cnid": "815", "productId": "123399", "size": "8 oz pkg"},
{"thumb": "http://i4.peapod.com/c/KK/KKNHZ.gif", "price": "100", "unit_price": "$.26/ oz", "name": "Breakstone's Cottage Cheese Doubles 100 Calorie Pineapple 2% Low Fat", "cnid": "814", "productId": "94856", "size": "3.9 oz tub"},
{"thumb": "http://i4.peapod.com/c/KK/KKNHZ.gif", "price": "100", "unit_price": "$.26/ oz", "name": "Breakstone's Cottage Cheese Doubles 100 Calorie Strawberry 2% Low Fat", "cnid": "814", "productId": "94853", "size": "3.9 oz tub"},
{"thumb": "http://i4.peapod.com/c/KK/KKNHZ.gif", "price": "299", "unit_price": "$.19/ oz", "name": "Breakstone's Cottage Cheese Small Curd 2% Low Fat", "cnid": "814", "productId": "1730", "size": "16 oz tub"},
{"thumb": "http://i4.peapod.com/c/KK/KKNHZ.gif", "price": "349", "unit_price": "$.22/ oz", "name": "Breakstone's Cottage Cheese Small Curd 2% Low Fat - 4 pk", "cnid": "814", "productId": "85549", "size": "16 oz pkg"},
{"thumb": "http://i4.peapod.com/c/KK/KKNHZ.gif", "price": "299", "unit_price": "$.19/ oz", "name": "Breakstone's Cottage Cheese Small Curd 2% Milkfat Low Fat 30% Less Sodium", "cnid": "814", "productId": "163830", "size": "16 oz tub"},
{"thumb": "http://i4.peapod.com/c/KK/KKNHZ.gif", "price": "299", "unit_price": "$.19/ oz", "name": "Breakstone's Cottage Cheese Small Curd 4%", "cnid": "814", "productId": "75044", "size": "16 oz tub"},
{"thumb": "http://i4.peapod.com/c/KK/KKNHZ.gif", "price": "299", "unit_price": "$.19/ oz", "name": "Breakstone's Cottage Cheese Small Curd Fat Free", "cnid": "814", "productId": "40871", "size": "16 oz tub"},
{"thumb": "http://i4.peapod.com/c/KK/KKNHZ.gif", "price": "349", "unit_price": "$.22/ oz", "name": "Breakstone's LiveActive Cottage Cheese Small Curd Low Fat - 4 pk", "cnid": "814", "productId": "145686", "size": "16 oz pkg"},
{"thumb": "http://i4.peapod.com/c/KK/KKNHZ.gif", "price": "250", "unit_price": "$.16/ oz", "name": "Friendship Cottage Cheese 1% Low Fat", "cnid": "814", "productId": "97241", "size": "16 oz tub"},
{"thumb": "http://i4.peapod.com/c/KK/KKNHZ.gif", "price": "289", "unit_price": "$.18/ oz", "name": "Hood Cottage Cheese Country Style Small Curd 4%", "cnid": "814", "productId": "192653", "size": "16 oz tub"},
{"thumb": "http://i4.peapod.com/c/KK/KKNHZ.gif", "price": "385", "unit_price": "$.16/ oz", "name": "Hood Cottage Cheese Country Style Small Curd 4%", "cnid": "814", "productId": "35414", "size": "24 oz tub"},
{"thumb": "http://i4.peapod.com/c/KK/KKNHZ.gif", "price": "289", "unit_price": "$.18/ oz", "name": "Hood Cottage Cheese Large Curd 4%", "cnid": "814", "productId": "35412", "size": "16 oz tub"},
{"thumb": "http://i4.peapod.com/c/KK/KKNHZ.gif", "price": "385", "unit_price": "$.16/ oz", "name": "Hood Cottage Cheese Small Curd 1% Low Fat", "cnid": "814", "productId": "35426", "size": "24 oz tub"},
{"thumb": "http://i4.peapod.com/c/KK/KKNHZ.gif", "price": "289", "unit_price": "$.18/ oz", "name": "Hood Cottage Cheese Small Curd Fat Free", "cnid": "814", "productId": "35420", "size": "16 oz tub"},
{"thumb": "http://i4.peapod.com/c/KK/KKNHZ.gif", "price": "289", "unit_price": "$.18/ oz", "name": "Hood Cottage Cheese with Chives & Toasted Onion Small Curd 1% Low Fat", "cnid": "814", "productId": "149984", "size": "16 oz tub"},
{"thumb": "http://i4.peapod.com/c/KK/KKNHZ.gif", "price": "289", "unit_price": "$.18/ oz", "name": "Hood Cottage Cheese with Chive Small Curd 4%", "cnid": "814", "productId": "35423", "size": "16 oz tub"},
{"thumb": "http://i4.peapod.com/c/KK/KKNHZ.gif", "price": "289", "unit_price": "$.18/ oz", "name": "Hood Cottage Cheese with Pineapple", "cnid": "814", "productId": "35424", "size": "16 oz tub"},
{"thumb": "http://i4.peapod.com/c/KK/KKNHZ.gif", "price": "289", "unit_price": "$.18/ oz", "name": "Hood Cottage Cheese with Pineapple & Cherry Low Fat", "cnid": "814", "productId": "157461", "size": "16 oz tub"},
{"thumb": "http://i4.peapod.com/c/KK/KKNHZ.gif", "price": "289", "unit_price": "$.18/ oz", "name": "Hood Cottage Cheese with Pineapple Fat Free", "cnid": "814", "productId": "35421", "size": "16 oz tub"},
{"thumb": "http://i4.peapod.com/c/KK/KKNHZ.gif", "price": "289", "unit_price": "$.18/ oz", "name": "Lactaid Cottage Cheese 1% Low Fat 100% Lactose Free", "cnid": "814", "productId": "67270", "size": "16 oz tub"},
{"thumb": "http://i4.peapod.com/c/KK/KKNHZ.gif", "price": "239", "unit_price": "$.15/ oz", "name": "Stop & Shop Cottage Cheese Small Curd 4%", "cnid": "814", "productId": "67216", "size": "16 oz tub"},
{"thumb": "http://i4.peapod.com/c/KK/KKNHZ.gif", "price": "299", "unit_price": "$.12/ oz", "name": "Stop & Shop Cottage Cheese Small Curd Fat Free", "cnid": "814", "productId": "148340", "size": "24 oz tub"},
{"thumb": "http://i4.peapod.com/c/KK/KKNHZ.gif", "price": "299", "unit_price": "$.12/ oz", "name": "Stop & Shop Cottage Cheese Small Curd Low Fat 1%", "cnid": "814", "productId": "57580", "size": "24 oz tub"},
{"thumb": "http://i4.peapod.com/c/KK/KKNHZ.gif", "price": "239", "unit_price": "$.15/ oz", "name": "Stop & Shop Cottage Cheese Small Curd No Salt Low Fat", "cnid": "814", "productId": "57581", "size": "16 oz tub"},
{"thumb": "http://i4.peapod.com/c/KK/KKNHZ.gif", "price": "379", "unit_price": "$4.03/ lb", "name": "Brummel & Brown Spread with Yogurt", "cnid": "806", "productId": "33400", "size": "15 oz tub"},
{"thumb": "http://i4.peapod.com/c/KK/KKNHZ.gif", "price": "419", "unit_price": "$4.19/ lb", "name": "Cabot Butter Salted Sticks - 4 qrtrs", "cnid": "806", "productId": "57847", "size": "1 lb box"},
{"thumb": "http://i4.peapod.com/c/KK/KKNHZ.gif", "price": "419", "unit_price": "$4.46/ lb", "name": "Earth Balance Natural Buttery Spread Original", "cnid": "806", "productId": "148565", "size": "15 oz tub"},
{"thumb": "http://i4.peapod.com/c/KK/KKNHZ.gif", "price": "359", "unit_price": "$3.82/ lb", "name": "I Can't Believe It's Not Butter Light Spread", "cnid": "806", "productId": "27314", "size": "15 oz tub"},
{"thumb": "http://i4.peapod.com/c/KK/KKNHZ.gif", "price": "359", "unit_price": "$3.82/ lb", "name": "I Can't Believe It's Not Butter Light Spread - 2 ct", "cnid": "806", "productId": "24454", "size": "15 oz pkg"},
{"thumb": "http://i4.peapod.com/c/KK/KKNHZ.gif", "price": "359", "unit_price": "$7.18/ lb", "name": "I Can't Believe It's Not Butter Spray", "cnid": "806", "productId": "34097", "size": "8 oz btl"},
{"thumb": "http://i4.peapod.com/c/KK/KKNHZ.gif", "price": "359", "unit_price": "$3.82/ lb", "name": "I Can't Believe It's Not Butter Spread", "cnid": "806", "productId": "4107", "size": "15 oz tub"},
{"thumb": "http://i4.peapod.com/c/KK/KKNHZ.gif", "price": "359", "unit_price": "$3.82/ lb", "name": "I Can't Believe It's Not Butter Spread - 2 ct", "cnid": "806", "productId": "4105", "size": "15 oz pkg"},
{"thumb": "http://i4.peapod.com/c/KK/KKNHZ.gif", "price": "359", "unit_price": "$5.20/ lb", "name": "I Can't Believe It's Not Butter Spread Whipped & Creamy Taste", "cnid": "806", "productId": "162865", "size": "11 oz tub"},
{"thumb": "http://i4.peapod.com/c/KK/KKNHZ.gif", "price": "299", "unit_price": "$5.98/ lb", "name": "Kate's Homemade Butter Sea Salted Natural", "cnid": "806", "productId": "162056", "size": "8 oz tub"},
{"thumb": "http://i4.peapod.com/c/KK/KKNHZ.gif", "price": "459", "unit_price": "$4.59/ lb", "name": "Kate's Homemade Butter Sea Salted Natural - 4 qrtrs", "cnid": "806", "productId": "153484", "size": "1 lb box"},
{"thumb": "http://i4.peapod.com/c/KK/KKNHZ.gif", "price": "499", "unit_price": "$9.98/ lb", "name": "Kerrygold Butter Pure Irish", "cnid": "806", "productId": "137091", "size": "8 oz pkg"},
{"thumb": "http://i4.peapod.com/c/KK/KKNHZ.gif", "price": "449", "unit_price": "$4.49/ lb", "name": "LAND O LAKES Butter Salted Sticks - 4 qrtrs", "cnid": "806", "productId": "3241", "size": "1 lb box"},
{"thumb": "http://i4.peapod.com/c/KK/KKNHZ.gif", "price": "429", "unit_price": "$4.61/ lb", "name": "LAND O LAKES Butter Spreadable with Canola Oil", "cnid": "806", "productId": "166443", "size": "15 oz tub"},
{"thumb": "http://i4.peapod.com/c/KK/KKNHZ.gif", "price": "249", "unit_price": "$6.07/ lb", "name": "LAND O LAKES Butter Spread Cinnamon Sugar All Natural", "cnid": "806", "productId": "162864", "size": "6.5 oz tub"},
{"thumb": "http://i4.peapod.com/c/KK/KKNHZ.gif", "price": "259", "unit_price": "$5.18/ lb", "name": "LAND O LAKES Butter Spread Light with Canola Oil", "cnid": "806", "productId": "137131", "size": "8 oz tub"},
{"thumb": "http://i4.peapod.com/c/KK/KKNHZ.gif", "price": "259", "unit_price": "$5.18/ lb", "name": "LAND O LAKES Butter Spread with Canola Oil", "cnid": "806", "productId": "131644", "size": "8 oz tub"},
{"thumb": "http://i4.peapod.com/c/KK/KKNHZ.gif", "price": "229", "unit_price": "$5.20/ lb", "name": "LAND O LAKES Butter Spread with Olive Oil All Natural", "cnid": "806", "productId": "155533", "size": "7 oz tub"},
{"thumb": "http://i4.peapod.com/c/KK/KKNHZ.gif", "price": "449", "unit_price": "$4.49/ lb", "name": "LAND O LAKES Butter Unsalted Sticks - 4 qrtrs", "cnid": "806", "productId": "3243", "size": "1 lb box"},
{"thumb": "http://i4.peapod.com/c/KK/KKNHZ.gif", "price": "299", "unit_price": "$3.18/ lb", "name": "LAND O LAKES Fresh Buttery Taste Spread", "cnid": "806", "productId": "22049", "size": "15 oz tub"},
{"thumb": "http://i4.peapod.com/c/KK/KKNHZ.gif", "price": "299", "unit_price": "$3.18/ lb", "name": "LAND O LAKES Margarine Soft - 2 pk", "cnid": "806", "productId": "11707", "size": "15 oz pkg"},
{"thumb": "http://i4.peapod.com/c/KK/KKNHZ.gif", "price": "229", "unit_price": "$2.29/ lb", "name": "LAND O LAKES Margarine Sticks - 4 qrtrs", "cnid": "806", "productId": "3237", "size": "1 lb box"},
{"thumb": "http://i4.peapod.com/c/KK/KKNHZ.gif", "price": "279", "unit_price": "$5.58/ lb", "name": "LAND O LAKES Whipped Butter Light Salted", "cnid": "806", "productId": "34701", "size": "8 oz tub"},
{"thumb": "http://i4.peapod.com/c/KK/KKNHZ.gif", "price": "279", "unit_price": "$5.58/ lb", "name": "LAND O LAKES Whipped Butter Sweet Salted", "cnid": "806", "productId": "16334", "size": "8 oz tub"},
{"thumb": "http://i4.peapod.com/c/KK/KKNHZ.gif", "price": "279", "unit_price": "$5.58/ lb", "name": "LAND O LAKES Whipped Butter Sweet Unsalted", "cnid": "806", "productId": "3244", "size": "8 oz tub"},
{"thumb": "http://i4.peapod.com/c/KK/KKNHZ.gif", "price": "399", "unit_price": "$3.99/ lb", "name": "Nature's Promise Organics Butter Salted - 4 qrtrs", "cnid": "806", "productId": "136069", "size": "1 lb box"},
{"thumb": "http://i4.peapod.com/c/KK/KKNHZ.gif", "price": "299", "unit_price": "$.20/ oz", "name": "Nature's Promise Organics Margarine Spread", "cnid": "806", "productId": "158578", "size": "15 oz tub"},
{"thumb": "http://i4.peapod.com/c/KK/KKNHZ.gif", "price": "259", "unit_price": "$2.76/ lb", "name": "Olivio Vegetable Oil Spread Made with Olive Oil Light", "cnid": "806", "productId": "159228", "size": "15 oz tub"},
{"thumb": "http://i4.peapod.com/c/KK/KKNHZ.gif", "price": "259", "unit_price": "$2.76/ lb", "name": "Olivio Vegetable Oil Spread Made with Olive Oil Original", "cnid": "806", "productId": "52809", "size": "15 oz tub"},
{"thumb": "http://i4.peapod.com/c/KK/KKNHZ.gif", "price": "389", "unit_price": "$4.14/ lb", "name": "Promise Buttery Margarine Spread - 2 pk", "cnid": "806", "productId": "334", "size": "15 oz pkg"},
{"thumb": "http://i4.peapod.com/c/KK/KKNHZ.gif", "price": "350", "unit_price": "$1.25/ lb", "name": "Shedd's Spread Country Crock Vegetable Oil Spread Calcium Plus Vitamin D", "cnid": "806", "productId": "118945", "size": "45 oz tub"},
{"thumb": "http://i4.peapod.com/c/KK/KKNHZ.gif", "price": "289", "unit_price": "$3.07/ lb", "name": "Shedd's Spread Country Crock Vegetable Oil Spread Calcium Plus Vitamin D", "cnid": "806", "productId": "126409", "size": "15 oz tub"},
{"thumb": "http://i4.peapod.com/c/KK/KKNHZ.gif", "price": "350", "unit_price": "$1.25/ lb", "name": "Shedd's Spread Country Crock Vegetable Oil Spread Churn Style", "cnid": "806", "productId": "11627", "size": "45 oz tub"},
{"thumb": "http://i4.peapod.com/c/KK/KKNHZ.gif", "price": "289", "unit_price": "$3.07/ lb", "name": "Shedd's Spread Country Crock Vegetable Oil Spread Original", "cnid": "806", "productId": "2507", "size": "15 oz tub"},
{"thumb": "http://i4.peapod.com/c/KK/KKNHZ.gif", "price": "799", "unit_price": "$2.84/ lb", "name": "Smart Balance Buttery Spread", "cnid": "806", "productId": "159231", "size": "45 oz tub"},
{"thumb": "http://i4.peapod.com/c/KK/KKNHZ.gif", "price": "379", "unit_price": "$4.03/ lb", "name": "Smart Balance Buttery Spread Omega", "cnid": "806", "productId": "150986", "size": "15 oz tub"},
{"thumb": "http://i4.peapod.com/c/KK/KKNHZ.gif", "price": "379", "unit_price": "$4.03/ lb", "name": "Smart Balance Buttery Spread Original", "cnid": "806", "productId": "93135", "size": "15 oz tub"},
{"thumb": "http://i4.peapod.com/c/KK/KKNHZ.gif", "price": "379", "unit_price": "$4.03/ lb", "name": "Smart Balance Buttery Spread with Flax Oil - 2 pk", "cnid": "806", "productId": "142667", "size": "15 oz pkg"},
{"thumb": "http://i4.peapod.com/c/KK/KKNHZ.gif", "price": "229", "unit_price": "$2.29/ lb", "name": "Stop & Shop Margarine Soft", "cnid": "806", "productId": "164969", "size": "16 oz tub"},
{"thumb": "http://i4.peapod.com/c/KK/KKNHZ.gif", "price": "299", "unit_price": "$2.99/ lb", "name": "Stop & Shop Sweet Cream Butter Salted Sticks - 4 qrtrs", "cnid": "806", "productId": "57790", "size": "1 lb box"},
{"thumb": "http://i4.peapod.com/c/KK/KKNHZ.gif", "price": "299", "unit_price": "$2.99/ lb", "name": "Stop & Shop Sweet Cream Butter Unsalted Sticks - 4 qrtrs", "cnid": "806", "productId": "57777", "size": "1 lb box"},
{"thumb": "http://i4.peapod.com/c/KK/KKNHZ.gif", "price": "379", "unit_price": "$4.03/ lb", "name": "Brummel & Brown Spread with Yogurt", "cnid": "365202054377", "productId": "33400", "size": "15 oz tub"},
{"thumb": "http://i4.peapod.com/c/KK/KKNHZ.gif", "price": "419", "unit_price": "$4.19/ lb", "name": "Cabot Butter Salted Sticks - 4 qrtrs", "cnid": "365202054377", "productId": "57847", "size": "1 lb box"},
{"thumb": "http://i4.peapod.com/c/KK/KKNHZ.gif", "price": "419", "unit_price": "$4.46/ lb", "name": "Earth Balance Natural Buttery Spread Original", "cnid": "365202054377", "productId": "148565", "size": "15 oz tub"},
{"thumb": "http://i4.peapod.com/c/KK/KKNHZ.gif", "price": "359", "unit_price": "$3.82/ lb", "name": "I Can't Believe It's Not Butter Light Spread", "cnid": "365202054377", "productId": "27314", "size": "15 oz tub"},
{"thumb": "http://i4.peapod.com/c/KK/KKNHZ.gif", "price": "359", "unit_price": "$3.82/ lb", "name": "I Can't Believe It's Not Butter Light Spread - 2 ct", "cnid": "365202054377", "productId": "24454", "size": "15 oz pkg"},
{"thumb": "http://i4.peapod.com/c/KK/KKNHZ.gif", "price": "359", "unit_price": "$7.18/ lb", "name": "I Can't Believe It's Not Butter Spray", "cnid": "365202054377", "productId": "34097", "size": "8 oz btl"},
{"thumb": "http://i4.peapod.com/c/KK/KKNHZ.gif", "price": "359", "unit_price": "$3.82/ lb", "name": "I Can't Believe It's Not Butter Spread", "cnid": "365202054377", "productId": "4107", "size": "15 oz tub"},
{"thumb": "http://i4.peapod.com/c/KK/KKNHZ.gif", "price": "359", "unit_price": "$3.82/ lb", "name": "I Can't Believe It's Not Butter Spread - 2 ct", "cnid": "365202054377", "productId": "4105", "size": "15 oz pkg"},
{"thumb": "http://i4.peapod.com/c/KK/KKNHZ.gif", "price": "359", "unit_price": "$5.20/ lb", "name": "I Can't Believe It's Not Butter Spread Whipped & Creamy Taste", "cnid": "365202054377", "productId": "162865", "size": "11 oz tub"},
{"thumb": "http://i4.peapod.com/c/KK/KKNHZ.gif", "price": "299", "unit_price": "$5.98/ lb", "name": "Kate's Homemade Butter Sea Salted Natural", "cnid": "365202054377", "productId": "162056", "size": "8 oz tub"},
{"thumb": "http://i4.peapod.com/c/KK/KKNHZ.gif", "price": "459", "unit_price": "$4.59/ lb", "name": "Kate's Homemade Butter Sea Salted Natural - 4 qrtrs", "cnid": "365202054377", "productId": "153484", "size": "1 lb box"},
{"thumb": "http://i4.peapod.com/c/KK/KKNHZ.gif", "price": "499", "unit_price": "$9.98/ lb", "name": "Kerrygold Butter Pure Irish", "cnid": "365202054377", "productId": "137091", "size": "8 oz pkg"},
{"thumb": "http://i4.peapod.com/c/KK/KKNHZ.gif", "price": "449", "unit_price": "$4.49/ lb", "name": "LAND O LAKES Butter Salted Sticks - 4 qrtrs", "cnid": "365202054377", "productId": "3241", "size": "1 lb box"},
{"thumb": "http://i4.peapod.com/c/KK/KKNHZ.gif", "price": "429", "unit_price": "$4.61/ lb", "name": "LAND O LAKES Butter Spreadable with Canola Oil", "cnid": "365202054377", "productId": "166443", "size": "15 oz tub"},
{"thumb": "http://i4.peapod.com/c/KK/KKNHZ.gif", "price": "249", "unit_price": "$6.07/ lb", "name": "LAND O LAKES Butter Spread Cinnamon Sugar All Natural", "cnid": "365202054377", "productId": "162864", "size": "6.5 oz tub"},
{"thumb": "http://i4.peapod.com/c/KK/KKNHZ.gif", "price": "259", "unit_price": "$5.18/ lb", "name": "LAND O LAKES Butter Spread Light with Canola Oil", "cnid": "365202054377", "productId": "137131", "size": "8 oz tub"},
{"thumb": "http://i4.peapod.com/c/KK/KKNHZ.gif", "price": "259", "unit_price": "$5.18/ lb", "name": "LAND O LAKES Butter Spread with Canola Oil", "cnid": "365202054377", "productId": "131644", "size": "8 oz tub"},
{"thumb": "http://i4.peapod.com/c/KK/KKNHZ.gif", "price": "229", "unit_price": "$5.20/ lb", "name": "LAND O LAKES Butter Spread with Olive Oil All Natural", "cnid": "365202054377", "productId": "155533", "size": "7 oz tub"},
{"thumb": "http://i4.peapod.com/c/KK/KKNHZ.gif", "price": "449", "unit_price": "$4.49/ lb", "name": "LAND O LAKES Butter Unsalted Sticks - 4 qrtrs", "cnid": "365202054377", "productId": "3243", "size": "1 lb box"},
{"thumb": "http://i4.peapod.com/c/KK/KKNHZ.gif", "price": "299", "unit_price": "$3.18/ lb", "name": "LAND O LAKES Fresh Buttery Taste Spread", "cnid": "365202054377", "productId": "22049", "size": "15 oz tub"},
{"thumb": "http://i4.peapod.com/c/KK/KKNHZ.gif", "price": "299", "unit_price": "$3.18/ lb", "name": "LAND O LAKES Margarine Soft - 2 pk", "cnid": "365202054377", "productId": "11707", "size": "15 oz pkg"},
{"thumb": "http://i4.peapod.com/c/KK/KKNHZ.gif", "price": "229", "unit_price": "$2.29/ lb", "name": "LAND O LAKES Margarine Sticks - 4 qrtrs", "cnid": "365202054377", "productId": "3237", "size": "1 lb box"},
{"thumb": "http://i4.peapod.com/c/KK/KKNHZ.gif", "price": "279", "unit_price": "$5.58/ lb", "name": "LAND O LAKES Whipped Butter Light Salted", "cnid": "365202054377", "productId": "34701", "size": "8 oz tub"},
{"thumb": "http://i4.peapod.com/c/KK/KKNHZ.gif", "price": "279", "unit_price": "$5.58/ lb", "name": "LAND O LAKES Whipped Butter Sweet Salted", "cnid": "365202054377", "productId": "16334", "size": "8 oz tub"},
{"thumb": "http://i4.peapod.com/c/KK/KKNHZ.gif", "price": "279", "unit_price": "$5.58/ lb", "name": "LAND O LAKES Whipped Butter Sweet Unsalted", "cnid": "365202054377", "productId": "3244", "size": "8 oz tub"},
{"thumb": "http://i4.peapod.com/c/KK/KKNHZ.gif", "price": "399", "unit_price": "$3.99/ lb", "name": "Nature's Promise Organics Butter Salted - 4 qrtrs", "cnid": "365202054377", "productId": "136069", "size": "1 lb box"},
{"thumb": "http://i4.peapod.com/c/KK/KKNHZ.gif", "price": "299", "unit_price": "$.20/ oz", "name": "Nature's Promise Organics Margarine Spread", "cnid": "365202054377", "productId": "158578", "size": "15 oz tub"},
{"thumb": "http://i4.peapod.com/c/KK/KKNHZ.gif", "price": "259", "unit_price": "$2.76/ lb", "name": "Olivio Vegetable Oil Spread Made with Olive Oil Light", "cnid": "365202054377", "productId": "159228", "size": "15 oz tub"},
{"thumb": "http://i4.peapod.com/c/KK/KKNHZ.gif", "price": "259", "unit_price": "$2.76/ lb", "name": "Olivio Vegetable Oil Spread Made with Olive Oil Original", "cnid": "365202054377", "productId": "52809", "size": "15 oz tub"},
{"thumb": "http://i4.peapod.com/c/KK/KKNHZ.gif", "price": "389", "unit_price": "$4.14/ lb", "name": "Promise Buttery Margarine Spread - 2 pk", "cnid": "365202054377", "productId": "334", "size": "15 oz pkg"},
{"thumb": "http://i4.peapod.com/c/KK/KKNHZ.gif", "price": "350", "unit_price": "$1.25/ lb", "name": "Shedd's Spread Country Crock Vegetable Oil Spread Calcium Plus Vitamin D", "cnid": "365202054377", "productId": "118945", "size": "45 oz tub"},
{"thumb": "http://i4.peapod.com/c/KK/KKNHZ.gif", "price": "289", "unit_price": "$3.07/ lb", "name": "Shedd's Spread Country Crock Vegetable Oil Spread Calcium Plus Vitamin D", "cnid": "365202054377", "productId": "126409", "size": "15 oz tub"},
{"thumb": "http://i4.peapod.com/c/KK/KKNHZ.gif", "price": "350", "unit_price": "$1.25/ lb", "name": "Shedd's Spread Country Crock Vegetable Oil Spread Churn Style", "cnid": "365202054377", "productId": "11627", "size": "45 oz tub"},
{"thumb": "http://i4.peapod.com/c/KK/KKNHZ.gif", "price": "289", "unit_price": "$3.07/ lb", "name": "Shedd's Spread Country Crock Vegetable Oil Spread Original", "cnid": "365202054377", "productId": "2507", "size": "15 oz tub"},
{"thumb": "http://i4.peapod.com/c/KK/KKNHZ.gif", "price": "799", "unit_price": "$2.84/ lb", "name": "Smart Balance Buttery Spread", "cnid": "365202054377", "productId": "159231", "size": "45 oz tub"},
{"thumb": "http://i4.peapod.com/c/KK/KKNHZ.gif", "price": "379", "unit_price": "$4.03/ lb", "name": "Smart Balance Buttery Spread Omega", "cnid": "365202054377", "productId": "150986", "size": "15 oz tub"},
{"thumb": "http://i4.peapod.com/c/KK/KKNHZ.gif", "price": "379", "unit_price": "$4.03/ lb", "name": "Smart Balance Buttery Spread Original", "cnid": "365202054377", "productId": "93135", "size": "15 oz tub"},
{"thumb": "http://i4.peapod.com/c/KK/KKNHZ.gif", "price": "379", "unit_price": "$4.03/ lb", "name": "Smart Balance Buttery Spread with Flax Oil - 2 pk", "cnid": "365202054377", "productId": "142667", "size": "15 oz pkg"},
{"thumb": "http://i4.peapod.com/c/KK/KKNHZ.gif", "price": "229", "unit_price": "$2.29/ lb", "name": "Stop & Shop Margarine Soft", "cnid": "365202054377", "productId": "164969", "size": "16 oz tub"},
{"thumb": "http://i4.peapod.com/c/KK/KKNHZ.gif", "price": "299", "unit_price": "$2.99/ lb", "name": "Stop & Shop Sweet Cream Butter Salted Sticks - 4 qrtrs", "cnid": "365202054377", "productId": "57790", "size": "1 lb box"},
{"thumb": "http://i4.peapod.com/c/KK/KKNHZ.gif", "price": "299", "unit_price": "$2.99/ lb", "name": "Stop & Shop Sweet Cream Butter Unsalted Sticks - 4 qrtrs", "cnid": "365202054377", "productId": "57777", "size": "1 lb box"},
{"thumb": "http://i4.peapod.com/c/KK/KKNHZ.gif", "price": "200", "unit_price": "$.06/ oz", "name": "Apollinaris Sparkling Mineral Water", "cnid": "520", "productId": "38711", "size": "1 ltr btl"},
{"thumb": "http://i4.peapod.com/c/KK/KKNHZ.gif", "price": "169", "unit_price": "$.09/ oz", "name": "Aquafina Drinking Water", "cnid": "520", "productId": "157910", "size": "20 oz btl"},
{"thumb": "http://i4.peapod.com/c/KK/KKNHZ.gif", "price": "499", "unit_price": "$.01/ oz", "name": "Aquafina Drinking Water - 24 pk", "cnid": "520", "productId": "130296", "size": "16.9 oz btl"},
{"thumb": "http://i4.peapod.com/c/KK/KKNHZ.gif", "price": "399", "unit_price": "$.03/ oz", "name": "Aquafina Drinking Water - 6 pk", "cnid": "520", "productId": "103772", "size": "24 oz btl"},
{"thumb": "http://i4.peapod.com/c/KK/KKNHZ.gif", "price": "349", "unit_price": "$.03/ oz", "name": "Aquafina Flavor Splash Water Grape - 6 pk", "cnid": "520", "productId": "142088", "size": "16.9 oz btl"},
{"thumb": "http://i4.peapod.com/c/KK/KKNHZ.gif", "price": "250", "unit_price": "$.04/ oz", "name": "Capri Sun Roarin' Waters Fruit Punch Flavored Water Beverage - 10 pk", "cnid": "520", "productId": "162226", "size": "6 oz pkg"},
{"thumb": "http://i4.peapod.com/c/KK/KKNHZ.gif", "price": "250", "unit_price": "$.04/ oz", "name": "Capri Sun Roarin' Waters Grape Flavored Water Beverage - 10 pk", "cnid": "520", "productId": "157486", "size": "6 oz pkg"},
{"thumb": "http://i4.peapod.com/c/KK/KKNHZ.gif", "price": "250", "unit_price": "$.04/ oz", "name": "Capri Sun Roarin' Waters Tropical Fruit Flavored Water Beverage - 10 pk", "cnid": "520", "productId": "140508", "size": "6 oz pkg"},
{"thumb": "http://i4.peapod.com/c/KK/KKNHZ.gif", "price": "250", "unit_price": "$.04/ oz", "name": "Capri Sun Roarin' Waters Wild Cherry Flavored Water Beverage - 10 pk", "cnid": "520", "productId": "167135", "size": "6 oz pkg"},
{"thumb": "http://i4.peapod.com/c/KK/KKNHZ.gif", "price": "77", "unit_price": "$.02/ oz", "name": "Clear Splash Apricot Peach Sparkling Spring Water Sugar Free", "cnid": "520", "productId": "102384", "size": "1 ltr btl"},
{"thumb": "http://i4.peapod.com/c/KK/KKNHZ.gif", "price": "77", "unit_price": "$.02/ oz", "name": "Clear Splash Blackberry Apple Sparkling Spring Water Sugar Free", "cnid": "520", "productId": "102383", "size": "1 ltr btl"},
{"thumb": "http://i4.peapod.com/c/KK/KKNHZ.gif", "price": "77", "unit_price": "$.02/ oz", "name": "Clear Splash Cranberry Raspberry Sparkling Spring Water Sugar Free", "cnid": "520", "productId": "102385", "size": "1 ltr btl"},
{"thumb": "http://i4.peapod.com/c/KK/KKNHZ.gif", "price": "77", "unit_price": "$.02/ oz", "name": "Clear Splash Key Lime Sparkling Spring Water Sugar Free", "cnid": "520", "productId": "102392", "size": "1 ltr btl"},
{"thumb": "http://i4.peapod.com/c/KK/KKNHZ.gif", "price": "77", "unit_price": "$.02/ oz", "name": "Clear Splash Kiwi Strawberry Sparkling Spring Water Sugar Free", "cnid": "520", "productId": "102388", "size": "1 ltr btl"},
{"thumb": "http://i4.peapod.com/c/KK/KKNHZ.gif", "price": "100", "unit_price": "$.03/ oz", "name": "Clear Splash Mandarin Orange Sparkling Spring Water Sugar Free", "cnid": "520", "productId": "154042", "size": "1 ltr btl"},
{"thumb": "http://i4.peapod.com/c/KK/KKNHZ.gif", "price": "77", "unit_price": "$.02/ oz", "name": "Clear Splash Raspberry Blackberry Sparkling Spring Water Sugar Free", "cnid": "520", "productId": "102386", "size": "1 ltr btl"},
{"thumb": "http://i4.peapod.com/c/KK/KKNHZ.gif", "price": "77", "unit_price": "$.02/ oz", "name": "Clear Splash White Grape Sparkling Spring Water Sugar Free", "cnid": "520", "productId": "102387", "size": "1 ltr btl"},
{"thumb": "http://i4.peapod.com/c/KK/KKNHZ.gif", "price": "77", "unit_price": "$.02/ oz", "name": "Clear Splash Wild Cherry Sparkling Spring Water Sugar Free", "cnid": "520", "productId": "102391", "size": "1 ltr btl"},
{"thumb": "http://i4.peapod.com/c/KK/KKNHZ.gif", "price": "549", "unit_price": "$.01/ oz", "name": "Dasani Drinking Water - 24 pk", "cnid": "520", "productId": "134099", "size": "16.9 oz btl"},
{"thumb": "http://i4.peapod.com/c/KK/KKNHZ.gif", "price": "299", "unit_price": "$.03/ oz", "name": "Dasani Drinking Water - 8 pk", "cnid": "520", "productId": "158207", "size": "12 oz btl"},
{"thumb": "http://i4.peapod.com/c/KK/KKNHZ.gif", "price": "150", "unit_price": "$.04/ oz", "name": "Evian Spring Water", "cnid": "520", "productId": "9522", "size": "1 ltr btl"},
{"thumb": "http://i4.peapod.com/c/KK/KKNHZ.gif", "price": "259", "unit_price": "$.05/ oz", "name": "Evian Spring Water", "cnid": "520", "productId": "9521", "size": "1.5 ltr btl"},
{"thumb": "http://i4.peapod.com/c/KK/KKNHZ.gif", "price": "1099", "unit_price": "$.05/ oz", "name": "Evian Spring Water - 6 pk", "cnid": "520", "productId": "56116", "size": "1 ltr btl"},
{"thumb": "http://i4.peapod.com/c/KK/KKNHZ.gif", "price": "569", "unit_price": "$.09/ oz", "name": "Fiji Artesian Water Mini & Mobile Natural - 6 pk", "cnid": "520", "productId": "143000", "size": "11.1 oz btl"},
{"thumb": "http://i4.peapod.com/c/KK/KKNHZ.gif", "price": "200", "unit_price": "$.04/ oz", "name": "Fiji Artesian Water Natural", "cnid": "520", "productId": "124407", "size": "1.5 ltr btl"},
{"thumb": "http://i4.peapod.com/c/KK/KKNHZ.gif", "price": "699", "unit_price": "$.07/ oz", "name": "Fiji Artesian Water Natural - 6 pk", "cnid": "520", "productId": "125856", "size": "16.9 oz btl"},
{"thumb": "http://i4.peapod.com/c/KK/KKNHZ.gif", "price": "299", "unit_price": "$.03/ oz", "name": "Fruit2O Natural Grape Flavored Water - 6 pk", "cnid": "520", "productId": "132625", "size": "16 oz btl"},
{"thumb": "http://i4.peapod.com/c/KK/KKNHZ.gif", "price": "299", "unit_price": "$.03/ oz", "name": "Fruit2O Natural Lemon Flavored Water - 6 pk", "cnid": "520", "productId": "128487", "size": "16 oz btl"},
{"thumb": "http://i4.peapod.com/c/KK/KKNHZ.gif", "price": "299", "unit_price": "$.03/ oz", "name": "Fruit2O Natural Peach Flavored Water - 6 pk", "cnid": "520", "productId": "136465", "size": "16 oz btl"},
{"thumb": "http://i4.peapod.com/c/KK/KKNHZ.gif", "price": "299", "unit_price": "$.03/ oz", "name": "Fruit2O Natural Raspberry Flavored Water - 6 pk", "cnid": "520", "productId": "125589", "size": "16 oz btl"},
{"thumb": "http://i4.peapod.com/c/KK/KKNHZ.gif", "price": "299", "unit_price": "$.03/ oz", "name": "Fruit2O Natural Strawberry Flavored Water - 6 pk", "cnid": "520", "productId": "125588", "size": "16 oz btl"},
{"thumb": "http://i4.peapod.com/c/KK/KKNHZ.gif", "price": "189", "unit_price": "$.06/ oz", "name": "Glaceau Smart Water Electrolyte Enhanced", "cnid": "520", "productId": "119677", "size": "1 ltr btl"},
{"thumb": "http://i4.peapod.com/c/KK/KKNHZ.gif", "price": "229", "unit_price": "$.05/ oz", "name": "Glaceau Smart Water Electrolyte Enhanced", "cnid": "520", "productId": "128881", "size": "1.5 ltr btl"},
{"thumb": "http://i4.peapod.com/c/KK/KKNHZ.gif", "price": "169", "unit_price": "$.07/ oz", "name": "Glaceau Smart Water Electrolyte Enhanced Sport Cap", "cnid": "520", "productId": "154578", "size": "23.7 oz btl"},
{"thumb": "http://i4.peapod.com/c/KK/KKNHZ.gif", "price": "1399", "unit_price": "$.06/ oz", "name": "Glaceau Vitamin Water Assorted Essential, Power-C, XXX, Revive - 12 pk", "cnid": "520", "productId": "146563", "size": "20 oz btl"},
{"thumb": "http://i4.peapod.com/c/KK/KKNHZ.gif", "price": "125", "unit_price": "$.06/ oz", "name": "Glaceau Vitamin Water Energy Tropical Citrus", "cnid": "520", "productId": "125592", "size": "20 oz btl"},
{"thumb": "http://i4.peapod.com/c/KK/KKNHZ.gif", "price": "125", "unit_price": "$.06/ oz", "name": "Glaceau Vitamin Water Essential Orange-Orange", "cnid": "520", "productId": "125614", "size": "20 oz btl"},
{"thumb": "http://i4.peapod.com/c/KK/KKNHZ.gif", "price": "125", "unit_price": "$.06/ oz", "name": "Glaceau Vitamin Water Focus Kiwi Strawberry", "cnid": "520", "productId": "139928", "size": "20 oz btl"},
{"thumb": "http://i4.peapod.com/c/KK/KKNHZ.gif", "price": "125", "unit_price": "$.06/ oz", "name": "Glaceau Vitamin Water Multi-V Lemonade", "cnid": "520", "productId": "127220", "size": "20 oz btl"},
{"thumb": "http://i4.peapod.com/c/KK/KKNHZ.gif", "price": "189", "unit_price": "$.06/ oz", "name": "Glaceau Vitamin Water Power-C Dragonfruit", "cnid": "520", "productId": "150707", "size": "32 oz btl"},
{"thumb": "http://i4.peapod.com/c/KK/KKNHZ.gif", "price": "125", "unit_price": "$.06/ oz", "name": "Glaceau Vitamin Water Power-C Dragonfruit", "cnid": "520", "productId": "125613", "size": "20 oz btl"},
{"thumb": "http://i4.peapod.com/c/KK/KKNHZ.gif", "price": "499", "unit_price": "$.05/ oz", "name": "Glaceau Vitamin Water Power-C Dragonfruit - 6 pk", "cnid": "520", "productId": "184582", "size": "16.9 oz btl"},
{"thumb": "http://i4.peapod.com/c/KK/KKNHZ.gif", "price": "125", "unit_price": "$.06/ oz", "name": "Glaceau Vitamin Water Revive Fruit Punch", "cnid": "520", "productId": "125615", "size": "20 oz btl"},
{"thumb": "http://i4.peapod.com/c/KK/KKNHZ.gif", "price": "189", "unit_price": "$.06/ oz", "name": "Glaceau Vitamin Water XXX Acai-Blueberry-Pomegranate", "cnid": "520", "productId": "174403", "size": "32 oz btl"},
{"thumb": "http://i4.peapod.com/c/KK/KKNHZ.gif", "price": "125", "unit_price": "$.06/ oz", "name": "Glaceau Vitamin Water XXX Triple Antioxidants Acai Blueberry Pomegranate", "cnid": "520", "productId": "145936", "size": "20 oz btl"},
{"thumb": "http://i4.peapod.com/c/KK/KKNHZ.gif", "price": "125", "unit_price": "$.06/ oz", "name": "Glaceau Vitamin Water Zero Glow Strawberry-Guanabana Flavored", "cnid": "520", "productId": "162267", "size": "20 oz btl"},
{"thumb": "http://i4.peapod.com/c/KK/KKNHZ.gif", "price": "125", "unit_price": "$.06/ oz", "name": "Glaceau Vitamin Water Zero Go-Go Mixed Berry Flavored", "cnid": "520", "productId": "158079", "size": "20 oz btl"},
{"thumb": "http://i4.peapod.com/c/KK/KKNHZ.gif", "price": "125", "unit_price": "$.06/ oz", "name": "Glaceau Vitamin Water Zero Squeezed Lemonade Flavored", "cnid": "520", "productId": "158082", "size": "20 oz btl"},
{"thumb": "http://i4.peapod.com/c/KK/KKNHZ.gif", "price": "125", "unit_price": "$.06/ oz", "name": "Glaceau Vitamin Water Zero XXX Acai Blueberry Pomegranate Flavored", "cnid": "520", "productId": "158080", "size": "20 oz btl"},
{"thumb": "http://i4.peapod.com/c/KK/KKNHZ.gif", "price": "300", "unit_price": "$1.85/ oz", "name": "MIO Berry Pomegranate Liquid Water Enhancer - 24 Drops", "cnid": "520", "productId": "162230", "size": "1.62 oz btl"},
{"thumb": "http://i4.peapod.com/c/KK/KKNHZ.gif", "price": "300", "unit_price": "$1.85/ oz", "name": "MIO Fruit Punch Liquid Water Enhancer 24 Drops", "cnid": "520", "productId": "162975", "size": "1.62 oz btl"},
{"thumb": "http://i4.peapod.com/c/KK/KKNHZ.gif", "price": "300", "unit_price": "$1.85/ oz", "name": "MIO Mango Peach Liquid Water Enhancer - 24 Drops", "cnid": "520", "productId": "162232", "size": "1.62 oz btl"},
{"thumb": "http://i4.peapod.com/c/KK/KKNHZ.gif", "price": "300", "unit_price": "$1.85/ oz", "name": "MIO Orange Tangerine Liquid Water Enhancer - 24 Drops", "cnid": "520", "productId": "183843", "size": "1.62 oz btl"},
{"thumb": "http://i4.peapod.com/c/KK/KKNHZ.gif", "price": "300", "unit_price": "$1.85/ oz", "name": "MIO Strawberry Watermelon Liquid Water Enhancer - 24 Drops", "cnid": "520", "productId": "162231", "size": "1.62 oz btl"},
{"thumb": "http://i4.peapod.com/c/KK/KKNHZ.gif", "price": "300", "unit_price": "$1.85/ oz", "name": "MIO Sweet Tea Liquid Water Enhancer - 24 Drops", "cnid": "520", "productId": "162234", "size": "1.62 oz btl"},
{"thumb": "http://i4.peapod.com/c/KK/KKNHZ.gif", "price": "449", "unit_price": "$.02/ oz", "name": "Nestle Pure Life Water Purified - 24 pk", "cnid": "520", "productId": "147291", "size": "8 oz btl"},
{"thumb": "http://i4.peapod.com/c/KK/KKNHZ.gif", "price": "100", "unit_price": "$.05/ oz", "name": "OWATER Lemon & Lime Water Unsweetened", "cnid": "520", "productId": "163176", "size": "20 oz btl"},
{"thumb": "http://i4.peapod.com/c/KK/KKNHZ.gif", "price": "179", "unit_price": "$.07/ oz", "name": "Perrier Sparkling Mineral Water", "cnid": "520", "productId": "9135", "size": "25 oz btl"},
{"thumb": "http://i4.peapod.com/c/KK/KKNHZ.gif", "price": "1999", "unit_price": "$.05/ oz", "name": "Perrier Sparkling Mineral Water - 24 pk", "cnid": "520", "productId": "158649", "size": "16.9 oz btl"},
{"thumb": "http://i4.peapod.com/c/KK/KKNHZ.gif", "price": "100", "unit_price": "$.01/ oz", "name": "Poland Spring Distilled Water", "cnid": "520", "productId": "60909", "size": "1 gal"},
{"thumb": "http://i4.peapod.com/c/KK/KKNHZ.gif", "price": "100", "unit_price": "$.03/ oz", "name": "Poland Spring Lemon Sparkling Water", "cnid": "520", "productId": "16200", "size": "1 ltr btl"},
{"thumb": "http://i4.peapod.com/c/KK/KKNHZ.gif", "price": "329", "unit_price": "$.03/ oz", "name": "Poland Spring Lemon Sparkling Water - 6 pk", "cnid": "520", "productId": "128291", "size": "16.9 oz btl"},
{"thumb": "http://i4.peapod.com/c/KK/KKNHZ.gif", "price": "100", "unit_price": "$.03/ oz", "name": "Poland Spring Lime Sparkling Water", "cnid": "520", "productId": "16201", "size": "1 ltr btl"},
{"thumb": "http://i4.peapod.com/c/KK/KKNHZ.gif", "price": "329", "unit_price": "$.03/ oz", "name": "Poland Spring Lime Sparkling Water - 6 pk", "cnid": "520", "productId": "128295", "size": "16.9 oz btl"},
{"thumb": "http://i4.peapod.com/c/KK/KKNHZ.gif", "price": "133", "unit_price": "$.07/ oz", "name": "Poland Spring Nature's Blends Spring Water & Real Juice Strawberry", "cnid": "520", "productId": "190959", "size": "20 oz btl"},
{"thumb": "http://i4.peapod.com/c/KK/KKNHZ.gif", "price": "100", "unit_price": "$.03/ oz", "name": "Poland Spring Orange Sparkling Water", "cnid": "520", "productId": "24153", "size": "1 ltr btl"},
{"thumb": "http://i4.peapod.com/c/KK/KKNHZ.gif", "price": "329", "unit_price": "$.03/ oz", "name": "Poland Spring Orange Sparkling Water - 6 pk", "cnid": "520", "productId": "128293", "size": "16.9 oz btl"},
{"thumb": "http://i4.peapod.com/c/KK/KKNHZ.gif", "price": "100", "unit_price": "$.03/ oz", "name": "Poland Spring Raspberry Lime Sparkling Water", "cnid": "520", "productId": "63109", "size": "1 ltr btl"},
{"thumb": "http://i4.peapod.com/c/KK/KKNHZ.gif", "price": "329", "unit_price": "$.03/ oz", "name": "Poland Spring Raspberry Lime Sparkling Water - 6 pk", "cnid": "520", "productId": "128294", "size": "16.9 oz btl"},
{"thumb": "http://i4.peapod.com/c/KK/KKNHZ.gif", "price": "100", "unit_price": "$.03/ oz", "name": "Poland Spring Sparkling Water", "cnid": "520", "productId": "16199", "size": "1 ltr btl"},
{"thumb": "http://i4.peapod.com/c/KK/KKNHZ.gif", "price": "329", "unit_price": "$.03/ oz", "name": "Poland Spring Sparkling Water - 6 pk", "cnid": "520", "productId": "128292", "size": "16.9 oz btl"},
{"thumb": "http://i4.peapod.com/c/KK/KKNHZ.gif", "price": "449", "unit_price": "$.02/ oz", "name": "Poland Spring Water - 12 pk", "cnid": "520", "productId": "132138", "size": "23.7 oz btl"},
{"thumb": "http://i4.peapod.com/c/KK/KKNHZ.gif", "price": "459", "unit_price": "$.03/ oz", "name": "Poland Spring Water - 12 pk", "cnid": "520", "productId": "162071", "size": "12 oz btl"},
{"thumb": "http://i4.peapod.com/c/KK/KKNHZ.gif", "price": "200", "unit_price": "$.02/ oz", "name": "Poland Spring Water - 12 pk", "cnid": "520", "productId": "129367", "size": "8 oz btl"},
{"thumb": "http://i4.peapod.com/c/KK/KKNHZ.gif", "price": "399", "unit_price": "$.01/ oz", "name": "Poland Spring Water - 24 pk", "cnid": "520", "productId": "126725", "size": "16.9 oz btl"},
{"thumb": "http://i4.peapod.com/c/KK/KKNHZ.gif", "price": "250", "unit_price": "$.03/ oz", "name": "Poland Spring Water Aquapods - 8 pk", "cnid": "520", "productId": "157912", "size": "11 oz btl"},
{"thumb": "http://i4.peapod.com/c/KK/KKNHZ.gif", "price": "100", "unit_price": "$.01/ oz", "name": "Poland Spring Water Clear Bottle", "cnid": "520", "productId": "127110", "size": "3 ltr btl"},
{"thumb": "http://i4.peapod.com/c/KK/KKNHZ.gif", "price": "139", "unit_price": "$.01/ oz", "name": "Poland Spring Water Natural", "cnid": "520", "productId": "63105", "size": "1 gal"},
{"thumb": "http://i4.peapod.com/c/KK/KKNHZ.gif", "price": "89", "unit_price": "$.03/ oz", "name": "Poland Spring Water Natural", "cnid": "520", "productId": "78549", "size": "1 ltr btl"},
{"thumb": "http://i4.peapod.com/c/KK/KKNHZ.gif", "price": "299", "unit_price": "$.01/ oz", "name": "Poland Spring Water Natural", "cnid": "520", "productId": "61486", "size": "2.5 gal"},
{"thumb": "http://i4.peapod.com/c/KK/KKNHZ.gif", "price": "119", "unit_price": "$.02/ oz", "name": "Poland Spring Water Natural", "cnid": "520", "productId": "9208", "size": "1.5 ltr btl"},
{"thumb": "http://i4.peapod.com/c/KK/KKNHZ.gif", "price": "399", "unit_price": "$.02/ oz", "name": "Poland Spring Water Natural - 12 pk", "cnid": "520", "productId": "116692", "size": "16.9 oz btl"},
{"thumb": "http://i4.peapod.com/c/KK/KKNHZ.gif", "price": "219", "unit_price": "$.02/ oz", "name": "Poland Spring Water Natural - 6 pk", "cnid": "520", "productId": "45697", "size": "16.9 oz btl"},
{"thumb": "http://i4.peapod.com/c/KK/KKNHZ.gif", "price": "300", "unit_price": "$.02/ oz", "name": "Poland Spring Water Natural Sport Bottles - 6 pk", "cnid": "520", "productId": "123837", "size": "23.7 oz btl"},
{"thumb": "http://i4.peapod.com/c/KK/KKNHZ.gif", "price": "200", "unit_price": "$.03/ oz", "name": "Poland Spring Water with Fluoride Natural - 8 pk", "cnid": "520", "productId": "136921", "size": "8 oz btl"},
{"thumb": "http://i4.peapod.com/c/KK/KKNHZ.gif", "price": "109", "unit_price": "$.03/ oz", "name": "Polar Black Cherry Seltzer Water", "cnid": "520", "productId": "127589", "size": "1 ltr btl"},
{"thumb": "http://i4.peapod.com/c/KK/KKNHZ.gif", "price": "109", "unit_price": "$.03/ oz", "name": "Polar Cranberry Lime Seltzer Water", "cnid": "520", "productId": "37368", "size": "1 ltr btl"},
{"thumb": "http://i4.peapod.com/c/KK/KKNHZ.gif", "price": "499", "unit_price": "$.04/ oz", "name": "Polar Cranberry Lime Seltzer Water - 12 pk", "cnid": "520", "productId": "37374", "size": "12 oz can"},
{"thumb": "http://i4.peapod.com/c/KK/KKNHZ.gif", "price": "149", "unit_price": "$.02/ oz", "name": "Polar Lemon Seltzer Water", "cnid": "520", "productId": "157929", "size": "2 ltr btl"},
{"thumb": "http://i4.peapod.com/c/KK/KKNHZ.gif", "price": "109", "unit_price": "$.03/ oz", "name": "Polar Lemon Seltzer Water", "cnid": "520", "productId": "37367", "size": "1 ltr btl"},
{"thumb": "http://i4.peapod.com/c/KK/KKNHZ.gif", "price": "499", "unit_price": "$.04/ oz", "name": "Polar Lemon Seltzer Water - 12 pk", "cnid": "520", "productId": "37373", "size": "12 oz can"},
{"thumb": "http://i4.peapod.com/c/KK/KKNHZ.gif", "price": "109", "unit_price": "$.03/ oz", "name": "Polar Lime Seltzer Water", "cnid": "520", "productId": "57473", "size": "1 ltr btl"},
{"thumb": "http://i4.peapod.com/c/KK/KKNHZ.gif", "price": "499", "unit_price": "$.04/ oz", "name": "Polar Lime Seltzer Water - 12 pk", "cnid": "520", "productId": "123529", "size": "12 oz can"},
{"thumb": "http://i4.peapod.com/c/KK/KKNHZ.gif", "price": "109", "unit_price": "$.03/ oz", "name": "Polar Mandarin Seltzer Water", "cnid": "520", "productId": "37369", "size": "1 ltr btl"},
{"thumb": "http://i4.peapod.com/c/KK/KKNHZ.gif", "price": "109", "unit_price": "$.03/ oz", "name": "Polar Plain Seltzer Water", "cnid": "520", "productId": "37366", "size": "1 ltr btl"},
{"thumb": "http://i4.peapod.com/c/KK/KKNHZ.gif", "price": "149", "unit_price": "$.02/ oz", "name": "Polar Plain Seltzer Water", "cnid": "520", "productId": "37365", "size": "2 ltr btl"},
{"thumb": "http://i4.peapod.com/c/KK/KKNHZ.gif", "price": "499", "unit_price": "$.04/ oz", "name": "Polar Plain Seltzer Water - 12 pk", "cnid": "520", "productId": "37375", "size": "12 oz can"},
{"thumb": "http://i4.peapod.com/c/KK/KKNHZ.gif", "price": "109", "unit_price": "$.03/ oz", "name": "Polar Pomegranate Seltzer Water", "cnid": "520", "productId": "145030", "size": "1 ltr btl"},
{"thumb": "http://i4.peapod.com/c/KK/KKNHZ.gif", "price": "109", "unit_price": "$.03/ oz", "name": "Polar Raspberry Lime Seltzer Water", "cnid": "520", "productId": "57471", "size": "1 ltr btl"},
{"thumb": "http://i4.peapod.com/c/KK/KKNHZ.gif", "price": "149", "unit_price": "$.02/ oz", "name": "Polar Raspberry Lime Seltzer Water", "cnid": "520", "productId": "183564", "size": "2 ltr btl"},
{"thumb": "http://i4.peapod.com/c/KK/KKNHZ.gif", "price": "109", "unit_price": "$.03/ oz", "name": "Polar Vanilla Seltzer Water", "cnid": "520", "productId": "161978", "size": "1 ltr btl"},
{"thumb": "http://i4.peapod.com/c/KK/KKNHZ.gif", "price": "799", "unit_price": "$.04/ oz", "name": "Propel Zero Berry Nutrient Enhanced Water Beverage - 12 pk", "cnid": "520", "productId": "158646", "size": "16.9 oz btl"},
{"thumb": "http://i4.peapod.com/c/KK/KKNHZ.gif", "price": "50", "unit_price": "$.02/ oz", "name": "Propel Zero Grape Nutrient Enhanced Water Beverage", "cnid": "520", "productId": "147276", "size": "24 oz btl"},
{"thumb": "http://i4.peapod.com/c/KK/KKNHZ.gif", "price": "449", "unit_price": "$.04/ oz", "name": "Propel Zero Grape Nutrient Enhanced Water Beverage - 6 pk", "cnid": "520", "productId": "142652", "size": "16.9 oz btl"},
{"thumb": "http://i4.peapod.com/c/KK/KKNHZ.gif", "price": "799", "unit_price": "$.04/ oz", "name": "Propel Zero Kiwi Strawberry Nutrient Enhanced Water Beverage - 12 pk", "cnid": "520", "productId": "157908", "size": "16.9 oz btl"},
{"thumb": "http://i4.peapod.com/c/KK/KKNHZ.gif", "price": "799", "unit_price": "$.04/ oz", "name": "Propel Zero Lemon Nutrient Enhanced Water Beverage - 12 pk", "cnid": "520", "productId": "158647", "size": "16.9 oz btl"},
{"thumb": "http://i4.peapod.com/c/KK/KKNHZ.gif", "price": "449", "unit_price": "$.04/ oz", "name": "Propel Zero Lemon Nutrient Enhanced Water Beverage - 6 pk", "cnid": "520", "productId": "119012", "size": "16.9 oz btl"},
{"thumb": "http://i4.peapod.com/c/KK/KKNHZ.gif", "price": "179", "unit_price": "$.07/ oz", "name": "San Pellegrino Sparkling Mineral Water Natural", "cnid": "520", "productId": "25498", "size": "25.3 oz btl"},
{"thumb": "http://i4.peapod.com/c/KK/KKNHZ.gif", "price": "179", "unit_price": "$.05/ oz", "name": "San Pellegrino Sparkling Mineral Water Natural", "cnid": "520", "productId": "86191", "size": "1 ltr btl"},
{"thumb": "http://i4.peapod.com/c/KK/KKNHZ.gif", "price": "499", "unit_price": "$.10/ oz", "name": "San Pellegrino Sparkling Mineral Water Natural - 6 pk", "cnid": "520", "productId": "117832", "size": "8.45 oz btl"},
{"thumb": "http://i4.peapod.com/c/KK/KKNHZ.gif", "price": "139", "unit_price": "$.07/ oz", "name": "SoBe Life Water Black & Blue Berry Vitamin Enhanced Water 0 Calorie", "cnid": "520", "productId": "154231", "size": "20 oz btl"},
{"thumb": "http://i4.peapod.com/c/KK/KKNHZ.gif", "price": "139", "unit_price": "$.07/ oz", "name": "SoBe Life Water Fuji Apple Pear Vitamin Enhanced Water Beverage 0 Calorie", "cnid": "520", "productId": "154232", "size": "20 oz btl"},
{"thumb": "http://i4.peapod.com/c/KK/KKNHZ.gif", "price": "139", "unit_price": "$.07/ oz", "name": "SoBe Life Water Yumberry Pomegranate Vitamin Enhanced Water 0 Calorie", "cnid": "520", "productId": "154233", "size": "20 oz btl"},
{"thumb": "http://i4.peapod.com/c/KK/KKNHZ.gif", "price": "100", "unit_price": "$.06/ oz", "name": "Sparkling ICE Black Raspberry Sparkling Spring Water Zero Calories", "cnid": "520", "productId": "186584", "size": "17 oz btl"},
{"thumb": "http://i4.peapod.com/c/KK/KKNHZ.gif", "price": "100", "unit_price": "$.06/ oz", "name": "Sparkling ICE Kiwi Strawberry Sparkling Spring Water Zero Calories", "cnid": "520", "productId": "186599", "size": "17 oz btl"},
{"thumb": "http://i4.peapod.com/c/KK/KKNHZ.gif", "price": "100", "unit_price": "$.06/ oz", "name": "Sparkling ICE Orange Mango Sparkling Spring Water Zero Calories", "cnid": "520", "productId": "186598", "size": "17 oz btl"},
{"thumb": "http://i4.peapod.com/c/KK/KKNHZ.gif", "price": "100", "unit_price": "$.06/ oz", "name": "Sparkling ICE Pink Grapefruit Sparkling Spring Water Zero Calories", "cnid": "520", "productId": "186600", "size": "17 oz btl"},
{"thumb": "http://i4.peapod.com/c/KK/KKNHZ.gif", "price": "200", "unit_price": "$.02/ oz", "name": "Stop & Shop Acadia Spring Water - 6 pk", "cnid": "520", "productId": "157825", "size": "16.9 oz btl"},
{"thumb": "http://i4.peapod.com/c/KK/KKNHZ.gif", "price": "95", "unit_price": "$.01/ oz", "name": "Stop & Shop Acadia Spring Water Natural", "cnid": "520", "productId": "56717", "size": "1 gal"},
{"thumb": "http://i4.peapod.com/c/KK/KKNHZ.gif", "price": "269", "unit_price": "$.01/ oz", "name": "Stop & Shop Acadia Spring Water Natural", "cnid": "520", "productId": "157824", "size": "2.5 gal jug"},
{"thumb": "http://i4.peapod.com/c/KK/KKNHZ.gif", "price": "200", "unit_price": "$.02/ oz", "name": "Stop & Shop Acadia Spring Water Natural - 12 pk", "cnid": "520", "productId": "155223", "size": "8 oz btl"},
{"thumb": "http://i4.peapod.com/c/KK/KKNHZ.gif", "price": "399", "unit_price": "$.01/ oz", "name": "Stop & Shop Acadia Spring Water Natural - 24 pk", "cnid": "520", "productId": "154068", "size": "16.9 oz btl"},
{"thumb": "http://i4.peapod.com/c/KK/KKNHZ.gif", "price": "399", "unit_price": "$.02/ oz", "name": "Stop & Shop Acadia Spring Water Natural - 24 pk", "cnid": "520", "productId": "157909", "size": "8 oz btl"},
{"thumb": "http://i4.peapod.com/c/KK/KKNHZ.gif", "price": "279", "unit_price": "$1.72/ oz", "name": "Stop & Shop Berry Pomegranate Liquid Water Enhancer", "cnid": "520", "productId": "189912", "size": "1.6 oz btl"},
{"thumb": "http://i4.peapod.com/c/KK/KKNHZ.gif", "price": "50", "unit_price": "$.01/ oz", "name": "Stop & Shop Black Cherry Seltzer Water", "cnid": "520", "productId": "159312", "size": "1 ltr btl"},
{"thumb": "http://i4.peapod.com/c/KK/KKNHZ.gif", "price": "279", "unit_price": "$1.72/ oz", "name": "Stop & Shop Citrus Blend Liquid Water Enhancer", "cnid": "520", "productId": "189913", "size": "1.6 oz btl"},
{"thumb": "http://i4.peapod.com/c/KK/KKNHZ.gif", "price": "50", "unit_price": "$.01/ oz", "name": "Stop & Shop Cranberry Lime Seltzer Water", "cnid": "520", "productId": "159311", "size": "1 ltr btl"},
{"thumb": "http://i4.peapod.com/c/KK/KKNHZ.gif", "price": "100", "unit_price": "$.03/ oz", "name": "Stop & Shop Electrolyte Enhanced Water with Added Minerals", "cnid": "520", "productId": "182568", "size": "1 ltr btl"},
{"thumb": "http://i4.peapod.com/c/KK/KKNHZ.gif", "price": "279", "unit_price": "$1.74/ oz", "name": "Stop & Shop Fruit Punch Liquid Water Enhancer", "cnid": "520", "productId": "189910", "size": "1.6 oz btl"},
{"thumb": "http://i4.peapod.com/c/KK/KKNHZ.gif", "price": "50", "unit_price": "$.01/ oz", "name": "Stop & Shop Lemon Lime Seltzer Water", "cnid": "520", "productId": "159315", "size": "1 ltr btl"},
{"thumb": "http://i4.peapod.com/c/KK/KKNHZ.gif", "price": "77", "unit_price": "$.01/ oz", "name": "Stop & Shop Lemon Lime Seltzer Water", "cnid": "520", "productId": "159317", "size": "2 ltr btl"},
{"thumb": "http://i4.peapod.com/c/KK/KKNHZ.gif", "price": "299", "unit_price": "$.02/ oz", "name": "Stop & Shop Lemon Lime Seltzer Water - 12 pk", "cnid": "520", "productId": "157827", "size": "12 oz can"},
{"thumb": "http://i4.peapod.com/c/KK/KKNHZ.gif", "price": "50", "unit_price": "$.01/ oz", "name": "Stop & Shop Lemon Seltzer Water", "cnid": "520", "productId": "159319", "size": "1 ltr btl"},
{"thumb": "http://i4.peapod.com/c/KK/KKNHZ.gif", "price": "299", "unit_price": "$.02/ oz", "name": "Stop & Shop Lemon Seltzer Water - 12 pk", "cnid": "520", "productId": "186890", "size": "12 oz can"},
{"thumb": "http://i4.peapod.com/c/KK/KKNHZ.gif", "price": "50", "unit_price": "$.01/ oz", "name": "Stop & Shop Lime Seltzer Water", "cnid": "520", "productId": "159318", "size": "1 ltr btl"},
{"thumb": "http://i4.peapod.com/c/KK/KKNHZ.gif", "price": "299", "unit_price": "$.02/ oz", "name": "Stop & Shop Lime Seltzer Water - 12 pk", "cnid": "520", "productId": "186891", "size": "12 oz can"},
{"thumb": "http://i4.peapod.com/c/KK/KKNHZ.gif", "price": "299", "unit_price": "$.02/ oz", "name": "Stop & Shop Mandarin Orange Seltzer Water - 12 pk", "cnid": "520", "productId": "157924", "size": "12 oz can"},
{"thumb": "http://i4.peapod.com/c/KK/KKNHZ.gif", "price": "77", "unit_price": "$.01/ oz", "name": "Stop & Shop Original Seltzer Water", "cnid": "520", "productId": "159314", "size": "2 ltr btl"},
{"thumb": "http://i4.peapod.com/c/KK/KKNHZ.gif", "price": "50", "unit_price": "$.01/ oz", "name": "Stop & Shop Original Seltzer Water", "cnid": "520", "productId": "159322", "size": "1 ltr btl"},
{"thumb": "http://i4.peapod.com/c/KK/KKNHZ.gif", "price": "50", "unit_price": "$.01/ oz", "name": "Stop & Shop Peaches & Cream Seltzer Water", "cnid": "520", "productId": "159316", "size": "1 ltr btl"},
{"thumb": "http://i4.peapod.com/c/KK/KKNHZ.gif", "price": "50", "unit_price": "$.01/ oz", "name": "Stop & Shop Raspberry Lime Seltzer Water", "cnid": "520", "productId": "159321", "size": "1 ltr btl"},
{"thumb": "http://i4.peapod.com/c/KK/KKNHZ.gif", "price": "299", "unit_price": "$.02/ oz", "name": "Stop & Shop Raspberry Lime Seltzer Water - 12 pk", "cnid": "520", "productId": "157925", "size": "12 oz can"},
{"thumb": "http://i4.peapod.com/c/KK/KKNHZ.gif", "price": "299", "unit_price": "$.02/ oz", "name": "Stop & Shop Raspberry Seltzer Water - 12 pk", "cnid": "520", "productId": "159310", "size": "12 oz can"},
{"thumb": "http://i4.peapod.com/c/KK/KKNHZ.gif", "price": "299", "unit_price": "$.02/ oz", "name": "Stop & Shop Seltzer Water Original - 12 pk", "cnid": "520", "productId": "159313", "size": "12 oz can"},
{"thumb": "http://i4.peapod.com/c/KK/KKNHZ.gif", "price": "279", "unit_price": "$1.72/ oz", "name": "Stop & Shop Strawberry Watermelon Liquid Water Enhancer", "cnid": "520", "productId": "189911", "size": "1.6 oz btl"},
{"thumb": "http://i4.peapod.com/c/KK/KKNHZ.gif", "price": "50", "unit_price": "$.01/ oz", "name": "Stop & Shop Wild Berry Seltzer Water", "cnid": "520", "productId": "159320", "size": "1 ltr btl"},
{"thumb": "http://i4.peapod.com/c/KK/KKNHZ.gif", "price": "299", "unit_price": "$.18/ oz", "name": "Vita Coco Coconut Water 100% Pure All Natural", "cnid": "520", "productId": "156656", "size": "17 oz ctn"},
{"thumb": "http://i4.peapod.com/c/KK/KKNHZ.gif", "price": "299", "unit_price": "$.18/ oz", "name": "Vita Coco Coconut Water with Peach & Mango All Natural", "cnid": "520", "productId": "156658", "size": "17 oz ctn"},
{"thumb": "http://i4.peapod.com/c/KK/KKNHZ.gif", "price": "299", "unit_price": "$.18/ oz", "name": "Vita Coco Coconut Water with Pineapple All Natural", "cnid": "520", "productId": "156657", "size": "17 oz ctn"},
{"thumb": "http://i4.peapod.com/c/KK/KKNHZ.gif", "price": "219", "unit_price": "$.08/ oz", "name": "VOSS Artesian Water from Norway", "cnid": "520", "productId": "160740", "size": "28.7 oz btl"},
{"thumb": "http://i4.peapod.com/c/KK/KKNHZ.gif", "price": "200", "unit_price": "$.14/ oz", "name": "ZICO Pure Premium Coconut Water Natural", "cnid": "520", "productId": "167011", "size": "14 oz btl"},
{"thumb": "http://i4.peapod.com/c/KK/KKNHZ.gif", "price": "749", "unit_price": "$.14/ oz", "name": "4C Antioxidant Green Iced Tea Mix with Sugar, Honey & Lemon", "cnid": "505", "productId": "130355", "size": "53 oz can"},
{"thumb": "http://i4.peapod.com/c/KK/KKNHZ.gif", "price": "749", "unit_price": "$.10/ oz", "name": "4C Iced Tea Mix with Lemon - Makes 28 Quarts", "cnid": "505", "productId": "81150", "size": "74.2 oz can"},
{"thumb": "http://i4.peapod.com/c/KK/KKNHZ.gif", "price": "549", "unit_price": "$2.79/ oz", "name": "4C Totally Light Half & Half Iced Tea Lemonade Mix - Makes 14 Quarts", "cnid": "505", "productId": "167276", "size": "1.97 oz can"},
{"thumb": "http://i4.peapod.com/c/KK/KKNHZ.gif", "price": "349", "unit_price": "$.03/ oz", "name": "AriZona Arnold Palmer Half & Half Iced Tea & Lemonade Lite", "cnid": "505", "productId": "155276", "size": "1 gal"},
{"thumb": "http://i4.peapod.com/c/KK/KKNHZ.gif", "price": "429", "unit_price": "$.03/ oz", "name": "AriZona Arnold Palmer Half & Half Iced Tea & Lemonade Lite - 12 pk", "cnid": "505", "productId": "162527", "size": "11.5 oz can"},
{"thumb": "http://i4.peapod.com/c/KK/KKNHZ.gif", "price": "379", "unit_price": "$3.16/ oz", "name": "AriZona Arnold Palmer Half & Half Iced Tea & Lemonade Stix - 10 ct", "cnid": "505", "productId": "159642", "size": "1.2 oz pkg"},
{"thumb": "http://i4.peapod.com/c/KK/KKNHZ.gif", "price": "349", "unit_price": "$.03/ oz", "name": "AriZona Arnold Palmer Half & Half Iced Tea & Lemonade Zero", "cnid": "505", "productId": "167239", "size": "1 gal"},
{"thumb": "http://i4.peapod.com/c/KK/KKNHZ.gif", "price": "100", "unit_price": "$.02/ oz", "name": "AriZona Green Iced Tea with Ginseng", "cnid": "505", "productId": "124623", "size": "42 oz btl"},
{"thumb": "http://i4.peapod.com/c/KK/KKNHZ.gif", "price": "349", "unit_price": "$.03/ oz", "name": "AriZona Green Tea Diet with Ginseng", "cnid": "505", "productId": "140809", "size": "1 gal"},
{"thumb": "http://i4.peapod.com/c/KK/KKNHZ.gif", "price": "349", "unit_price": "$.03/ oz", "name": "AriZona Green Tea with Ginseng & Honey", "cnid": "505", "productId": "125249", "size": "1 gal"},
{"thumb": "http://i4.peapod.com/c/KK/KKNHZ.gif", "price": "349", "unit_price": "$.03/ oz", "name": "AriZona Iced Tea with Lemon", "cnid": "505", "productId": "84554", "size": "1 gal"},
{"thumb": "http://i4.peapod.com/c/KK/KKNHZ.gif", "price": "279", "unit_price": "$.07/ oz", "name": "AriZona Iced Tea with Lemon", "cnid": "505", "productId": "135387", "size": "42 oz btl"},
{"thumb": "http://i4.peapod.com/c/KK/KKNHZ.gif", "price": "349", "unit_price": "$.03/ oz", "name": "AriZona Lemon Iced Tea Diet", "cnid": "505", "productId": "157913", "size": "1 gal"},
{"thumb": "http://i4.peapod.com/c/KK/KKNHZ.gif", "price": "349", "unit_price": "$.03/ oz", "name": "AriZona Southern Style Sweet Tea", "cnid": "505", "productId": "159303", "size": "1 gal"},
{"thumb": "http://i4.peapod.com/c/KK/KKNHZ.gif", "price": "729", "unit_price": "$.09/ ea", "name": "Barry's Tea Gold Blend Black Tea Bags", "cnid": "505", "productId": "163511", "size": "80 ct box"},
{"thumb": "http://i4.peapod.com/c/KK/KKNHZ.gif", "price": "250", "unit_price": "$.12/ ea", "name": "Bigelow Chamomile Mango Herb Tea Bags Caffeine Free All Natural", "cnid": "505", "productId": "148592", "size": "20 ct box"},
{"thumb": "http://i4.peapod.com/c/KK/KKNHZ.gif", "price": "250", "unit_price": "$.12/ ea", "name": "Bigelow Cinnamon Stick Tea Bags", "cnid": "505", "productId": "8693", "size": "20 ct box"},
{"thumb": "http://i4.peapod.com/c/KK/KKNHZ.gif", "price": "250", "unit_price": "$.12/ ea", "name": "Bigelow Constant Comment Green Tea Bags", "cnid": "505", "productId": "119058", "size": "20 ct box"},
{"thumb": "http://i4.peapod.com/c/KK/KKNHZ.gif", "price": "250", "unit_price": "$.12/ ea", "name": "Bigelow Constant Comment Orange & Sweet Spice Black Tea Bags Decaffeinated", "cnid": "505", "productId": "11175", "size": "20 ct box"},
{"thumb": "http://i4.peapod.com/c/KK/KKNHZ.gif", "price": "250", "unit_price": "$.12/ ea", "name": "Bigelow Constant Comment Rind of Orange & Sweet Spice Black Tea Bags", "cnid": "505", "productId": "8690", "size": "20 ct box"},
{"thumb": "http://i4.peapod.com/c/KK/KKNHZ.gif", "price": "250", "unit_price": "$.12/ ea", "name": "Bigelow Cozy Chamomile Herb Tea Bags Caffeine Free All Natural", "cnid": "505", "productId": "21849", "size": "20 ct box"},
{"thumb": "http://i4.peapod.com/c/KK/KKNHZ.gif", "price": "250", "unit_price": "$.12/ ea", "name": "Bigelow Earl Grey Black Tea Bags", "cnid": "505", "productId": "128918", "size": "20 ct box"},
{"thumb": "http://i4.peapod.com/c/KK/KKNHZ.gif", "price": "599", "unit_price": "$.15/ ea", "name": "Bigelow Earl Grey Black Tea Bags Value Pack", "cnid": "505", "productId": "60754", "size": "40 ct box"},
{"thumb": "http://i4.peapod.com/c/KK/KKNHZ.gif", "price": "250", "unit_price": "$.12/ ea", "name": "Bigelow Earl Grey Green Tea Bags", "cnid": "505", "productId": "8691", "size": "20 ct box"},
{"thumb": "http://i4.peapod.com/c/KK/KKNHZ.gif", "price": "250", "unit_price": "$.12/ ea", "name": "Bigelow English Teatime Black Tea Bags", "cnid": "505", "productId": "8692", "size": "20 ct box"},
{"thumb": "http://i4.peapod.com/c/KK/KKNHZ.gif", "price": "250", "unit_price": "$.12/ ea", "name": "Bigelow French Vanilla Black Tea Bags", "cnid": "505", "productId": "132250", "size": "20 ct box"},
{"thumb": "http://i4.peapod.com/c/KK/KKNHZ.gif", "price": "250", "unit_price": "$.12/ ea", "name": "Bigelow Green Tea Bags with Lemon", "cnid": "505", "productId": "101619", "size": "20 ct box"},
{"thumb": "http://i4.peapod.com/c/KK/KKNHZ.gif", "price": "250", "unit_price": "$.12/ ea", "name": "Bigelow Green Tea Bags with Mint", "cnid": "505", "productId": "101620", "size": "20 ct box"},
{"thumb": "http://i4.peapod.com/c/KK/KKNHZ.gif", "price": "250", "unit_price": "$.12/ ea", "name": "Bigelow Green Tea Bags with Peach", "cnid": "505", "productId": "101621", "size": "20 ct box"},
{"thumb": "http://i4.peapod.com/c/KK/KKNHZ.gif", "price": "250", "unit_price": "$.12/ ea", "name": "Bigelow Green Tea Bags with Pomegranate", "cnid": "505", "productId": "144273", "size": "20 ct box"},
{"thumb": "http://i4.peapod.com/c/KK/KKNHZ.gif", "price": "250", "unit_price": "$.12/ ea", "name": "Bigelow Lemon Lift Black Tea Bags", "cnid": "505", "productId": "8696", "size": "20 ct box"},
{"thumb": "http://i4.peapod.com/c/KK/KKNHZ.gif", "price": "250", "unit_price": "$.12/ ea", "name": "Bigelow Mint Medley Herb Tea Bags Caffeine Free All Natural", "cnid": "505", "productId": "8687", "size": "20 ct box"},
{"thumb": "http://i4.peapod.com/c/KK/KKNHZ.gif", "price": "250", "unit_price": "$.12/ ea", "name": "Bigelow Peppermint Herb Tea Bags Caffeine Free All Natural", "cnid": "505", "productId": "25480", "size": "20 ct box"},
{"thumb": "http://i4.peapod.com/c/KK/KKNHZ.gif", "price": "250", "unit_price": "$.12/ ea", "name": "Bigelow Plantation Mint Black Tea Bags", "cnid": "505", "productId": "8694", "size": "20 ct box"},
{"thumb": "http://i4.peapod.com/c/KK/KKNHZ.gif", "price": "250", "unit_price": "$.12/ ea", "name": "Bigelow Raspberry Royale Black Tea Bags", "cnid": "505", "productId": "148598", "size": "20 ct box"},
{"thumb": "http://i4.peapod.com/c/KK/KKNHZ.gif", "price": "250", "unit_price": "$.14/ ea", "name": "Bigelow Six Assorted Herb Tea Bags Caffeine Free Variety Pack", "cnid": "505", "productId": "15531", "size": "18 ct box"},
{"thumb": "http://i4.peapod.com/c/KK/KKNHZ.gif", "price": "250", "unit_price": "$.12/ ea", "name": "Bigelow Spiced Chai Tea Bags", "cnid": "505", "productId": "144511", "size": "20 ct box"},
{"thumb": "http://i4.peapod.com/c/KK/KKNHZ.gif", "price": "250", "unit_price": "$.12/ ea", "name": "Bigelow Spiced Chai Tea Bags Decaffeinated", "cnid": "505", "productId": "155328", "size": "20 ct box"},
{"thumb": "http://i4.peapod.com/c/KK/KKNHZ.gif", "price": "250", "unit_price": "$.12/ ea", "name": "Bigelow Sweet Dreams Herb Tea Bags Caffeine Free All Natural", "cnid": "505", "productId": "8688", "size": "20 ct box"},
{"thumb": "http://i4.peapod.com/c/KK/KKNHZ.gif", "price": "250", "unit_price": "$.12/ ea", "name": "Bigelow Vanilla Caramel Black Tea Bags", "cnid": "505", "productId": "132252", "size": "20 ct box"},
{"thumb": "http://i4.peapod.com/c/KK/KKNHZ.gif", "price": "250", "unit_price": "$.12/ ea", "name": "Bigelow Vanilla Chai Tea Bags", "cnid": "505", "productId": "139325", "size": "20 ct box"},
{"thumb": "http://i4.peapod.com/c/KK/KKNHZ.gif", "price": "599", "unit_price": "$.12/ oz", "name": "Bolthouse Farms Perfectly Protein Vanilla Chai Tea Fresh", "cnid": "505", "productId": "159437", "size": "52 oz btl"},
{"thumb": "http://i4.peapod.com/c/KK/KKNHZ.gif", "price": "399", "unit_price": "$.12/ oz", "name": "Bolthouse Farms Perfectly Protein Vanilla Chai Tea Fresh", "cnid": "505", "productId": "138353", "size": "32 oz btl"},
{"thumb": "http://i4.peapod.com/c/KK/KKNHZ.gif", "price": "250", "unit_price": "$.16/ oz", "name": "Bolthouse Farms Perfectly Protein Vanilla Chai Tea Fresh", "cnid": "505", "productId": "159077", "size": "15.2 oz btl"},
{"thumb": "http://i4.peapod.com/c/KK/KKNHZ.gif", "price": "899", "unit_price": "$.75/ ea", "name": "Cafe Escapes Chai Latte K-Cups", "cnid": "505", "productId": "161559", "size": "12 ct box"},
{"thumb": "http://i4.peapod.com/c/KK/KKNHZ.gif", "price": "250", "unit_price": "$.14/ ea", "name": "Celestial Seasonings 5 Flavors Fruit Tea Sampler Herbal Tea Bags", "cnid": "505", "productId": "62607", "size": "18 ct box"},
{"thumb": "http://i4.peapod.com/c/KK/KKNHZ.gif", "price": "250", "unit_price": "$.14/ ea", "name": "Celestial Seasonings 5 Flavors Herbal Tea Sampler Tea Bags Caffeine Free", "cnid": "505", "productId": "8215", "size": "18 ct box"},
{"thumb": "http://i4.peapod.com/c/KK/KKNHZ.gif", "price": "250", "unit_price": "$.12/ ea", "name": "Celestial Seasonings Bengal Spice Herbal Tea Bags Caffeine Free", "cnid": "505", "productId": "163527", "size": "20 ct box"},
{"thumb": "http://i4.peapod.com/c/KK/KKNHZ.gif", "price": "250", "unit_price": "$.12/ ea", "name": "Celestial Seasonings Chamomile Herbal Tea Bags Caffeine Free", "cnid": "505", "productId": "8214", "size": "20 ct box"},
{"thumb": "http://i4.peapod.com/c/KK/KKNHZ.gif", "price": "250", "unit_price": "$.12/ ea", "name": "Celestial Seasonings Cinnamon Apple Spice Herbal Tea Bags Caffeine Free", "cnid": "505", "productId": "8216", "size": "20 ct box"},
{"thumb": "http://i4.peapod.com/c/KK/KKNHZ.gif", "price": "250", "unit_price": "$.12/ ea", "name": "Celestial Seasonings Country Peach Passion Herbal Tea Bags Caffeine Free", "cnid": "505", "productId": "21851", "size": "20 ct box"},
{"thumb": "http://i4.peapod.com/c/KK/KKNHZ.gif", "price": "250", "unit_price": "$.12/ ea", "name": "Celestial Seasonings Honey Lemon Ginseng Green Tea Bags with White Tea", "cnid": "505", "productId": "111356", "size": "20 ct box"},
{"thumb": "http://i4.peapod.com/c/KK/KKNHZ.gif", "price": "250", "unit_price": "$.12/ ea", "name": "Celestial Seasonings Honey Vanilla Chamomile Herbal Tea Bags Caffeine Free", "cnid": "505", "productId": "15789", "size": "20 ct box"},
{"thumb": "http://i4.peapod.com/c/KK/KKNHZ.gif", "price": "250", "unit_price": "$.12/ ea", "name": "Celestial Seasonings Lemon Zinger Herbal Tea Bags Caffeine Free", "cnid": "505", "productId": "8219", "size": "20 ct box"},
{"thumb": "http://i4.peapod.com/c/KK/KKNHZ.gif", "price": "250", "unit_price": "$.12/ ea", "name": "Celestial Seasonings Peppermint Herbal Tea Bags Caffeine Free", "cnid": "505", "productId": "8213", "size": "20 ct box"},
{"thumb": "http://i4.peapod.com/c/KK/KKNHZ.gif", "price": "250", "unit_price": "$.12/ ea", "name": "Celestial Seasonings Raspberry Zinger Herbal Tea Bags Caffeine Free", "cnid": "505", "productId": "38470", "size": "20 ct box"},
{"thumb": "http://i4.peapod.com/c/KK/KKNHZ.gif", "price": "250", "unit_price": "$.12/ ea", "name": "Celestial Seasonings Sleepytime Herbal Tea Bags Caffeine Free", "cnid": "505", "productId": "8212", "size": "20 ct box"},
{"thumb": "http://i4.peapod.com/c/KK/KKNHZ.gif", "price": "250", "unit_price": "$.12/ ea", "name": "Celestial Seasonings True Blueberry Herbal Tea Bags Caffeine Free", "cnid": "505", "productId": "163538", "size": "20 ct box"},
{"thumb": "http://i4.peapod.com/c/KK/KKNHZ.gif", "price": "250", "unit_price": "$.12/ ea", "name": "Celestial Seasonings Wild Berry Zinger Herbal Tea Bags Caffeine Free", "cnid": "505", "productId": "15790", "size": "20 ct box"},
{"thumb": "http://i4.peapod.com/c/KK/KKNHZ.gif", "price": "250", "unit_price": "$2.50/ oz", "name": "Crystal Light Lemon Iced Tea Drink Mix Decaffeinated - Makes 8 Quarts", "cnid": "505", "productId": "21368", "size": "1 oz can"},
{"thumb": "http://i4.peapod.com/c/KK/KKNHZ.gif", "price": "350", "unit_price": "$2.50/ oz", "name": "Crystal Light Natural Lemon Iced Tea Drink Mix - Makes 12 Quarts", "cnid": "505", "productId": "6055", "size": "1.4 oz can"},
{"thumb": "http://i4.peapod.com/c/KK/KKNHZ.gif", "price": "250", "unit_price": "$3.57/ oz", "name": "Crystal Light On The Go Lemon Iced Tea Drink Mix Natural - 10 ct", "cnid": "505", "productId": "136701", "size": ".7 oz pkg"},
{"thumb": "http://i4.peapod.com/c/KK/KKNHZ.gif", "price": "250", "unit_price": "$2.50/ oz", "name": "Crystal Light Peach Iced Tea Drink Mix - Makes 8 Quarts", "cnid": "505", "productId": "73002", "size": "1 oz can"},
{"thumb": "http://i4.peapod.com/c/KK/KKNHZ.gif", "price": "499", "unit_price": "$.04/ oz", "name": "FUZE Half & Half Iced Tea - 12 pk", "cnid": "505", "productId": "192618", "size": "12 oz can"},
{"thumb": "http://i4.peapod.com/c/KK/KKNHZ.gif", "price": "125", "unit_price": "$.02/ oz", "name": "FUZE Lemon Iced Tea", "cnid": "505", "productId": "192182", "size": "2 ltr btl"},
{"thumb": "http://i4.peapod.com/c/KK/KKNHZ.gif", "price": "499", "unit_price": "$.04/ oz", "name": "FUZE Lemon Iced Tea - 12 pk", "cnid": "505", "productId": "192183", "size": "12 oz can"},
{"thumb": "http://i4.peapod.com/c/KK/KKNHZ.gif", "price": "499", "unit_price": "$.04/ oz", "name": "FUZE Lemon Iced Tea Diet - 12 pk", "cnid": "505", "productId": "192184", "size": "12 oz can"},
{"thumb": "http://i4.peapod.com/c/KK/KKNHZ.gif", "price": "125", "unit_price": "$.02/ oz", "name": "FUZE Strawberry Red Tea Iced Tea", "cnid": "505", "productId": "192616", "size": "2 ltr btl"},
{"thumb": "http://i4.peapod.com/c/KK/KKNHZ.gif", "price": "499", "unit_price": "$.04/ oz", "name": "FUZE Strawberry Red Tea Iced Tea - 12 pk", "cnid": "505", "productId": "192619", "size": "12 oz can"},
{"thumb": "http://i4.peapod.com/c/KK/KKNHZ.gif", "price": "150", "unit_price": "$.09/ oz", "name": "Honest Tea Lori's Lemon Tea Organic", "cnid": "505", "productId": "163408", "size": "16 oz btl"},
{"thumb": "http://i4.peapod.com/c/KK/KKNHZ.gif", "price": "329", "unit_price": "$.17/ ea", "name": "Lipton Black Pearl Black Pyramid Tea Bags", "cnid": "505", "productId": "142429", "size": "20 ct box"},
{"thumb": "http://i4.peapod.com/c/KK/KKNHZ.gif", "price": "399", "unit_price": "$.04/ ea", "name": "Lipton Black Tea Bags 100% Natural", "cnid": "505", "productId": "4125", "size": "100 ct box"},
{"thumb": "http://i4.peapod.com/c/KK/KKNHZ.gif", "price": "349", "unit_price": "$.07/ ea", "name": "Lipton Black Tea Bags Decaffeinated 100% Natural", "cnid": "505", "productId": "4121", "size": "48 ct box"},
{"thumb": "http://i4.peapod.com/c/KK/KKNHZ.gif", "price": "499", "unit_price": "$.07/ ea", "name": "Lipton Black Tea Bags Decaffeinated 100% Natural", "cnid": "505", "productId": "28059", "size": "72 ct box"},
{"thumb": "http://i4.peapod.com/c/KK/KKNHZ.gif", "price": "349", "unit_price": "$.03/ oz", "name": "Lipton Brisk Fusion Iced Tea with Lemonade", "cnid": "505", "productId": "187025", "size": "1 gal"},
{"thumb": "http://i4.peapod.com/c/KK/KKNHZ.gif", "price": "349", "unit_price": "$.03/ oz", "name": "Lipton Brisk Fusion Raspberry Iced Tea", "cnid": "505", "productId": "187022", "size": "1 gal"},
{"thumb": "http://i4.peapod.com/c/KK/KKNHZ.gif", "price": "150", "unit_price": "$.02/ oz", "name": "Lipton Brisk Lemon Iced Tea", "cnid": "505", "productId": "26632", "size": "2 ltr btl"},
{"thumb": "http://i4.peapod.com/c/KK/KKNHZ.gif", "price": "450", "unit_price": "$.03/ oz", "name": "Lipton Brisk Lemon Iced Tea - 12 pk", "cnid": "505", "productId": "45556", "size": "12 oz can"},
{"thumb": "http://i4.peapod.com/c/KK/KKNHZ.gif", "price": "499", "unit_price": "$.03/ oz", "name": "Lipton Citrus Iced Green Tea - 12 pk", "cnid": "505", "productId": "142090", "size": "16.9 oz btl"},
{"thumb": "http://i4.peapod.com/c/KK/KKNHZ.gif", "price": "349", "unit_price": "$.03/ oz", "name": "Lipton Citrus Iced Green Tea Diet", "cnid": "505", "productId": "159343", "size": "1 gal jug"},
{"thumb": "http://i4.peapod.com/c/KK/KKNHZ.gif", "price": "499", "unit_price": "$.03/ oz", "name": "Lipton Citrus Iced Green Tea Diet - 12 pk", "cnid": "505", "productId": "142091", "size": "16.9 oz btl"},
{"thumb": "http://i4.peapod.com/c/KK/KKNHZ.gif", "price": "399", "unit_price": "$.18/ ea", "name": "Lipton Cold Brew Iced Black Tea Bags", "cnid": "505", "productId": "111380", "size": "22 ct box"},
{"thumb": "http://i4.peapod.com/c/KK/KKNHZ.gif", "price": "499", "unit_price": "$.03/ oz", "name": "Lipton Half & Half Iced Tea & Lemonade - 12 pk", "cnid": "505", "productId": "165474", "size": "16.9 oz btl"},
{"thumb": "http://i4.peapod.com/c/KK/KKNHZ.gif", "price": "499", "unit_price": "$.03/ oz", "name": "Lipton Lemon Flavor Iced Tea - 12 pk", "cnid": "505", "productId": "142089", "size": "16.9 oz btl"},
{"thumb": "http://i4.peapod.com/c/KK/KKNHZ.gif", "price": "599", "unit_price": "$1.01/ oz", "name": "Lipton Lemon Iced Tea Mix Diet - Makes 20 Quarts", "cnid": "505", "productId": "126988", "size": "5.9 oz jar"},
{"thumb": "http://i4.peapod.com/c/KK/KKNHZ.gif", "price": "99", "unit_price": "$.04/ oz", "name": "Lipton Lemon Iced Tea Mix Sugar Sweetened Decaffeinated - Makes 10 Quarts", "cnid": "505", "productId": "73077", "size": "26.5 oz can"},
{"thumb": "http://i4.peapod.com/c/KK/KKNHZ.gif", "price": "399", "unit_price": "$.15/ oz", "name": "Lipton Natural Lemon Flavor Iced Tea Mix Sugar Sweetened - Makes 10 Quarts", "cnid": "505", "productId": "4149", "size": "26.5 oz can"},
{"thumb": "http://i4.peapod.com/c/KK/KKNHZ.gif", "price": "649", "unit_price": "$.09/ oz", "name": "Lipton Natural Lemon Flavor Iced Tea Mix Sugar Sweetened - Makes 28 Quarts", "cnid": "505", "productId": "126696", "size": "74.2 oz can"},
{"thumb": "http://i4.peapod.com/c/KK/KKNHZ.gif", "price": "329", "unit_price": "$.17/ ea", "name": "Lipton Orange, Passionfruit & Jasmine Green Tea Bags", "cnid": "505", "productId": "45352", "size": "20 ct box"},
{"thumb": "http://i4.peapod.com/c/KK/KKNHZ.gif", "price": "479", "unit_price": "$.12/ ea", "name": "Lipton Pure Green Tea Bags All Natural", "cnid": "505", "productId": "88136", "size": "40 ct box"},
{"thumb": "http://i4.peapod.com/c/KK/KKNHZ.gif", "price": "399", "unit_price": "$2.85/ oz", "name": "Lipton Tea & Honey Blackberry Pomegranate Iced Green Tea Mix To Go - 10 ct", "cnid": "505", "productId": "186141", "size": "1.4 oz box"},
{"thumb": "http://i4.peapod.com/c/KK/KKNHZ.gif", "price": "100", "unit_price": "$.06/ oz", "name": "Nature's Promise Organics Black Tea with Lemon", "cnid": "505", "productId": "155607", "size": "16 oz btl"},
{"thumb": "http://i4.peapod.com/c/KK/KKNHZ.gif", "price": "100", "unit_price": "$.06/ oz", "name": "Nature's Promise Organics Red Tea with Mango Mandarin", "cnid": "505", "productId": "155608", "size": "16 oz btl"},
{"thumb": "http://i4.peapod.com/c/KK/KKNHZ.gif", "price": "100", "unit_price": "$.06/ oz", "name": "Nature's Promise Organics White Tea with Raspberry", "cnid": "505", "productId": "155606", "size": "16 oz btl"},
{"thumb": "http://i4.peapod.com/c/KK/KKNHZ.gif", "price": "199", "unit_price": "$.12/ oz", "name": "POM Wonderful Tea Green Pomegranate Lychee All Natural Fresh", "cnid": "505", "productId": "140619", "size": "16 oz btl"},
{"thumb": "http://i4.peapod.com/c/KK/KKNHZ.gif", "price": "200", "unit_price": "$.12/ oz", "name": "POM Wonderful Tea White Pomegranate Peach Passion All Natural Fresh", "cnid": "505", "productId": "140621", "size": "16 oz btl"},
{"thumb": "http://i4.peapod.com/c/KK/KKNHZ.gif", "price": "299", "unit_price": "$.06/ ea", "name": "Red Rose Black Tea Bags Decaffeinated", "cnid": "505", "productId": "38132", "size": "48 ct box"},
{"thumb": "http://i4.peapod.com/c/KK/KKNHZ.gif", "price": "299", "unit_price": "$.03/ ea", "name": "Red Rose Mountain Estate Original Black Premium Tea Bags", "cnid": "505", "productId": "1655", "size": "100 ct box"},
{"thumb": "http://i4.peapod.com/c/KK/KKNHZ.gif", "price": "499", "unit_price": "$.25/ ea", "name": "Red Rose Simply Indulgent Cinnamon Streusel Tea Bags Decaffeinated", "cnid": "505", "productId": "192130", "size": "20 ct pkg"},
{"thumb": "http://i4.peapod.com/c/KK/KKNHZ.gif", "price": "499", "unit_price": "$.25/ ea", "name": "Red Rose Simply Indulgent Creme Caramel Tea Bags", "cnid": "505", "productId": "192129", "size": "20 ct pkg"},
{"thumb": "http://i4.peapod.com/c/KK/KKNHZ.gif", "price": "499", "unit_price": "$.25/ ea", "name": "Red Rose Simply Indulgent Lemon Chiffon Tea Bags Decaffeinated", "cnid": "505", "productId": "192127", "size": "20 ct pkg"},
{"thumb": "http://i4.peapod.com/c/KK/KKNHZ.gif", "price": "499", "unit_price": "$.25/ ea", "name": "Red Rose Simply Indulgent Peach Cobbler Tea Bags", "cnid": "505", "productId": "192128", "size": "20 ct pkg"},
{"thumb": "http://i4.peapod.com/c/KK/KKNHZ.gif", "price": "349", "unit_price": "$.17/ ea", "name": "Salada 100% Green Tea Bags Decaffeinated", "cnid": "505", "productId": "101603", "size": "20 ct box"},
{"thumb": "http://i4.peapod.com/c/KK/KKNHZ.gif", "price": "349", "unit_price": "$.17/ ea", "name": "Salada Bone Support Hibiscus Cherry Flavored Green Tea Bags 100% Natural", "cnid": "505", "productId": "187769", "size": "20 ct box"},
{"thumb": "http://i4.peapod.com/c/KK/KKNHZ.gif", "price": "349", "unit_price": "$.17/ ea", "name": "Salada Immunity Peach Nectarine Flavored Green Tea Bags 100% Natural", "cnid": "505", "productId": "187770", "size": "20 ct box"},
{"thumb": "http://i4.peapod.com/c/KK/KKNHZ.gif", "price": "399", "unit_price": "$.04/ ea", "name": "Salada Original Blend Black Tea Bags", "cnid": "505", "productId": "56660", "size": "100 ct box"},
{"thumb": "http://i4.peapod.com/c/KK/KKNHZ.gif", "price": "349", "unit_price": "$.17/ ea", "name": "Salada Serenity Raspberry Chamomile Blend Green Tea Bags 100% Natural", "cnid": "505", "productId": "187771", "size": "20 ct box"},
{"thumb": "http://i4.peapod.com/c/KK/KKNHZ.gif", "price": "429", "unit_price": "$.11/ ea", "name": "Salada Traditional 100% Green Tea Bags", "cnid": "505", "productId": "56656", "size": "40 ct box"},
{"thumb": "http://i4.peapod.com/c/KK/KKNHZ.gif", "price": "159", "unit_price": "$.10/ oz", "name": "Snapple Green Tea All Natural", "cnid": "505", "productId": "143168", "size": "16 oz btl"},
{"thumb": "http://i4.peapod.com/c/KK/KKNHZ.gif", "price": "167", "unit_price": "$.10/ oz", "name": "Snapple Green Tea Diet All Natural", "cnid": "505", "productId": "142994", "size": "16 oz btl"},
{"thumb": "http://i4.peapod.com/c/KK/KKNHZ.gif", "price": "1099", "unit_price": "$.06/ oz", "name": "Snapple Half 'n Half Lemonade & Iced Tea Diet - 12 pk", "cnid": "505", "productId": "186330", "size": "16 oz btl"},
{"thumb": "http://i4.peapod.com/c/KK/KKNHZ.gif", "price": "649", "unit_price": "$.07/ oz", "name": "Snapple Half 'n Half Lemonade & Iced Tea Diet - 6 pk", "cnid": "505", "productId": "177829", "size": "16 oz btl"},
{"thumb": "http://i4.peapod.com/c/KK/KKNHZ.gif", "price": "1099", "unit_price": "$.06/ oz", "name": "Snapple Lemon Iced Tea All Natural - 12 pk", "cnid": "505", "productId": "58826", "size": "16 oz btl"},
{"thumb": "http://i4.peapod.com/c/KK/KKNHZ.gif", "price": "649", "unit_price": "$.07/ oz", "name": "Snapple Lemon Iced Tea All Natural - 6 pk", "cnid": "505", "productId": "155023", "size": "16 oz btl"},
{"thumb": "http://i4.peapod.com/c/KK/KKNHZ.gif", "price": "1099", "unit_price": "$.06/ oz", "name": "Snapple Lemon Iced Tea Diet - 12 pk", "cnid": "505", "productId": "116460", "size": "16 oz btl"},
{"thumb": "http://i4.peapod.com/c/KK/KKNHZ.gif", "price": "649", "unit_price": "$.07/ oz", "name": "Snapple Lemon Iced Tea Diet - 6 pk", "cnid": "505", "productId": "160645", "size": "16 oz btl"},
{"thumb": "http://i4.peapod.com/c/KK/KKNHZ.gif", "price": "200", "unit_price": "$.03/ oz", "name": "Snapple Lemon Tea Diet", "cnid": "505", "productId": "161921", "size": "64 oz btl"},
{"thumb": "http://i4.peapod.com/c/KK/KKNHZ.gif", "price": "1099", "unit_price": "$.06/ oz", "name": "Snapple Peach Iced Tea - 12 pk", "cnid": "505", "productId": "58894", "size": "16 oz btl"},
{"thumb": "http://i4.peapod.com/c/KK/KKNHZ.gif", "price": "200", "unit_price": "$.03/ oz", "name": "Snapple Peach Tea Diet", "cnid": "505", "productId": "155228", "size": "64 oz btl"},
{"thumb": "http://i4.peapod.com/c/KK/KKNHZ.gif", "price": "1099", "unit_price": "$.06/ oz", "name": "Snapple Peach Tea Diet - 12 pk", "cnid": "505", "productId": "82262", "size": "16 oz btl"},
{"thumb": "http://i4.peapod.com/c/KK/KKNHZ.gif", "price": "649", "unit_price": "$.07/ oz", "name": "Snapple Peach Tea Diet - 6 pk", "cnid": "505", "productId": "154969", "size": "16 oz btl"},
{"thumb": "http://i4.peapod.com/c/KK/KKNHZ.gif", "price": "119", "unit_price": "$.07/ oz", "name": "Snapple Plum-A-Granate Tea Diet", "cnid": "505", "productId": "49126", "size": "16 oz btl"},
{"thumb": "http://i4.peapod.com/c/KK/KKNHZ.gif", "price": "1099", "unit_price": "$.06/ oz", "name": "Snapple Raspberry Iced Tea - 12 pk", "cnid": "505", "productId": "130739", "size": "16 oz btl"},
{"thumb": "http://i4.peapod.com/c/KK/KKNHZ.gif", "price": "125", "unit_price": "$.08/ oz", "name": "Steaz Green Iced Teaz Blueberry Pomegranate Acai Organic", "cnid": "505", "productId": "157149", "size": "16 oz can"},
{"thumb": "http://i4.peapod.com/c/KK/KKNHZ.gif", "price": "125", "unit_price": "$.08/ oz", "name": "Steaz Green Iced Teaz Lemon Unsweetened Organic", "cnid": "505", "productId": "157150", "size": "16 oz can"},
{"thumb": "http://i4.peapod.com/c/KK/KKNHZ.gif", "price": "125", "unit_price": "$.08/ oz", "name": "Steaz Green Iced Teaz Peach Organic", "cnid": "505", "productId": "157151", "size": "16 oz can"},
{"thumb": "http://i4.peapod.com/c/KK/KKNHZ.gif", "price": "167", "unit_price": "$1.19/ oz", "name": "Stop & Shop Iced Tea Mix Sugar Free - Makes 12 Quarts", "cnid": "505", "productId": "56697", "size": "1.4 oz can"},
{"thumb": "http://i4.peapod.com/c/KK/KKNHZ.gif", "price": "569", "unit_price": "$.08/ oz", "name": "Stop & Shop Lemon Flavor Iced Tea Drink Mix with Sugar - Makes 28 Quarts", "cnid": "505", "productId": "118809", "size": "74.2 oz can"},
{"thumb": "http://i4.peapod.com/c/KK/KKNHZ.gif", "price": "400", "unit_price": "$.04/ ea", "name": "Swee-Touch-Nee Orange Pekoe & Pekoe Cut Black Tea Bags", "cnid": "505", "productId": "118378", "size": "100 ct box"},
{"thumb": "http://i4.peapod.com/c/KK/KKNHZ.gif", "price": "250", "unit_price": "$.12/ ea", "name": "Tazo Awake Black Tea Bags All Natural", "cnid": "505", "productId": "138761", "size": "20 ct box"},
{"thumb": "http://i4.peapod.com/c/KK/KKNHZ.gif", "price": "359", "unit_price": "$.05/ ea", "name": "Tetley British Blend Black Premium Tea Bags", "cnid": "505", "productId": "26494", "size": "80 ct box"},
{"thumb": "http://i4.peapod.com/c/KK/KKNHZ.gif", "price": "369", "unit_price": "$.04/ ea", "name": "Tetley Classic Blend Black Premium Tea Bags", "cnid": "505", "productId": "388", "size": "100 ct box"},
{"thumb": "http://i4.peapod.com/c/KK/KKNHZ.gif", "price": "359", "unit_price": "$.05/ ea", "name": "Tetley Classic Blend Black Premium Tea Bags Decaffeinated", "cnid": "505", "productId": "118804", "size": "72 ct box"},
{"thumb": "http://i4.peapod.com/c/KK/KKNHZ.gif", "price": "529", "unit_price": "$.33/ ea", "name": "Traditional Medicinals Smooth Move Senna Herbal Tea Bags Organic", "cnid": "505", "productId": "156169", "size": "16 ct box"},
{"thumb": "http://i4.peapod.com/c/KK/KKNHZ.gif", "price": "219", "unit_price": "$.03/ oz", "name": "Turkey Hill Lemon Flavored Iced Tea Refrigerated", "cnid": "505", "productId": "97217", "size": "64 oz btl"},
{"thumb": "http://i4.peapod.com/c/KK/KKNHZ.gif", "price": "349", "unit_price": "$.17/ ea", "name": "Twinings Classics Earl Grey Black Tea Bags", "cnid": "505", "productId": "15787", "size": "20 ct box"},
{"thumb": "http://i4.peapod.com/c/KK/KKNHZ.gif", "price": "649", "unit_price": "$.13/ ea", "name": "Twinings Classics Earl Grey Black Tea Bags", "cnid": "505", "productId": "115654", "size": "50 ct box"},
{"thumb": "http://i4.peapod.com/c/KK/KKNHZ.gif", "price": "349", "unit_price": "$.17/ ea", "name": "Twinings Classics Earl Grey Black Tea Bags Decaffeinated", "cnid": "505", "productId": "16284", "size": "20 ct box"},
{"thumb": "http://i4.peapod.com/c/KK/KKNHZ.gif", "price": "649", "unit_price": "$.13/ ea", "name": "Twinings Classics English Breakfast Black Tea Bags", "cnid": "505", "productId": "115655", "size": "50 ct box"},
{"thumb": "http://i4.peapod.com/c/KK/KKNHZ.gif", "price": "349", "unit_price": "$.17/ ea", "name": "Twinings Classics English Breakfast Black Tea Bags", "cnid": "505", "productId": "15788", "size": "20 ct box"},
{"thumb": "http://i4.peapod.com/c/KK/KKNHZ.gif", "price": "349", "unit_price": "$.17/ ea", "name": "Twinings Classics English Breakfast Black Tea Bags Decaffeinated", "cnid": "505", "productId": "16285", "size": "20 ct box"},
{"thumb": "http://i4.peapod.com/c/KK/KKNHZ.gif", "price": "349", "unit_price": "$.17/ ea", "name": "Twinings Classics Irish Breakfast Black Tea Bags", "cnid": "505", "productId": "19499", "size": "20 ct box"},
{"thumb": "http://i4.peapod.com/c/KK/KKNHZ.gif", "price": "349", "unit_price": "$.17/ ea", "name": "Twinings Lemon & Ginger Herbal Tea Bags", "cnid": "505", "productId": "163673", "size": "20 ct box"},
{"thumb": "http://i4.peapod.com/c/KK/KKNHZ.gif", "price": "349", "unit_price": "$.17/ ea", "name": "Twinings Pure Peppermint Herbal Tea Bags Caffeine Free", "cnid": "505", "productId": "163676", "size": "20 ct box"},
{"thumb": "http://i4.peapod.com/c/KK/KKNHZ.gif", "price": "349", "unit_price": "$.17/ ea", "name": "Twinings Pure Rooibos Red Herbal Tea Bags", "cnid": "505", "productId": "161507", "size": "20 ct pkg"},
{"thumb": "http://i4.peapod.com/c/KK/KKNHZ.gif", "price": "349", "unit_price": "$.17/ ea", "name": "Twinings Pure White Tea Bags", "cnid": "505", "productId": "163684", "size": "20 ct pkg"},
{"thumb": "http://i4.peapod.com/c/KK/KKNHZ.gif", "price": "549", "unit_price": "$1.37/ oz", "name": "5-Hour Energy Original Berry Shot - 2 pk", "cnid": "501", "productId": "157623", "size": "2 oz can"},
{"thumb": "http://i4.peapod.com/c/KK/KKNHZ.gif", "price": "549", "unit_price": "$1.37/ oz", "name": "5-Hour Energy Original Orange Shot - 2 pk", "cnid": "501", "productId": "157624", "size": "2 oz can"},
{"thumb": "http://i4.peapod.com/c/KK/KKNHZ.gif", "price": "88", "unit_price": "$.03/ oz", "name": "Gatorade G Series 02 Perform Cool Blue Thirst Quencher", "cnid": "501", "productId": "150557", "size": "32 oz btl"},
{"thumb": "http://i4.peapod.com/c/KK/KKNHZ.gif", "price": "88", "unit_price": "$.03/ oz", "name": "Gatorade G Series 02 Perform Frost Glacier Freeze Thirst Quencher", "cnid": "501", "productId": "77530", "size": "32 oz btl"},
{"thumb": "http://i4.peapod.com/c/KK/KKNHZ.gif", "price": "649", "unit_price": "$.04/ oz", "name": "Gatorade G Series 02 Perform Frost Glacier Freeze Thirst Quencher- 8 pk", "cnid": "501", "productId": "115384", "size": "20 oz btl"},
{"thumb": "http://i4.peapod.com/c/KK/KKNHZ.gif", "price": "399", "unit_price": "$.05/ oz", "name": "Gatorade G Series 02 Perform Fruit Punch Thirst Quencher - 6 pk", "cnid": "501", "productId": "147283", "size": "12 oz btl"},
{"thumb": "http://i4.peapod.com/c/KK/KKNHZ.gif", "price": "649", "unit_price": "$.04/ oz", "name": "Gatorade G Series 02 Perform Fruit Punch Thirst Quencher - 8 pk", "cnid": "501", "productId": "115382", "size": "20 oz btl"},
{"thumb": "http://i4.peapod.com/c/KK/KKNHZ.gif", "price": "88", "unit_price": "$.03/ oz", "name": "Gatorade G Series 02 Perform G2 Fruit Punch Thirst Quencher Low Cal", "cnid": "501", "productId": "149056", "size": "32 oz btl"},
{"thumb": "http://i4.peapod.com/c/KK/KKNHZ.gif", "price": "649", "unit_price": "$.04/ oz", "name": "Gatorade G Series 02 Perform G2 Fruit Punch Thirst Quencher Low Cal - 8 pk", "cnid": "501", "productId": "149052", "size": "20 oz btl"},
{"thumb": "http://i4.peapod.com/c/KK/KKNHZ.gif", "price": "88", "unit_price": "$.03/ oz", "name": "Gatorade G Series 02 Perform G2 Grape Thirst Quencher Low Cal", "cnid": "501", "productId": "149055", "size": "32 oz btl"},
{"thumb": "http://i4.peapod.com/c/KK/KKNHZ.gif", "price": "649", "unit_price": "$.04/ oz", "name": "Gatorade G Series 02 Perform G2 Grape Thirst Quencher Low Cal - 8 pk", "cnid": "501", "productId": "149054", "size": "20 oz btl"},
{"thumb": "http://i4.peapod.com/c/KK/KKNHZ.gif", "price": "649", "unit_price": "$.04/ oz", "name": "Gatorade G Series 02 Perform G2 Lemon-Lime Thirst Quencher Low Cal - 8 pk", "cnid": "501", "productId": "155266", "size": "20 oz btl"},
{"thumb": "http://i4.peapod.com/c/KK/KKNHZ.gif", "price": "88", "unit_price": "$.03/ oz", "name": "Gatorade G Series 02 Perform G2 Orange Thirst Quencher Low Cal", "cnid": "501", "productId": "149057", "size": "32 oz btl"},
{"thumb": "http://i4.peapod.com/c/KK/KKNHZ.gif", "price": "649", "unit_price": "$.04/ oz", "name": "Gatorade G Series 02 Perform G2 Orange Thirst Quencher Low Cal - 8 pk", "cnid": "501", "productId": "149053", "size": "20 oz btl"},
{"thumb": "http://i4.peapod.com/c/KK/KKNHZ.gif", "price": "88", "unit_price": "$.03/ oz", "name": "Gatorade G Series 02 Perform G2 Raspberry Melon Thirst Quencher Low Cal", "cnid": "501", "productId": "169640", "size": "32 oz btl"},
{"thumb": "http://i4.peapod.com/c/KK/KKNHZ.gif", "price": "549", "unit_price": "$.30/ oz", "name": "Gatorade G Series 02 Perform Lemon-Lime Powder Mix", "cnid": "501", "productId": "38199", "size": "18.4 oz can"},
{"thumb": "http://i4.peapod.com/c/KK/KKNHZ.gif", "price": "259", "unit_price": "$.04/ oz", "name": "Gatorade G Series 02 Perform Lemon-Lime Thirst Quencher", "cnid": "501", "productId": "7383", "size": "64 oz btl"},
{"thumb": "http://i4.peapod.com/c/KK/KKNHZ.gif", "price": "88", "unit_price": "$.03/ oz", "name": "Gatorade G Series 02 Perform Lemon-Lime Thirst Quencher", "cnid": "501", "productId": "7375", "size": "32 oz btl"},
{"thumb": "http://i4.peapod.com/c/KK/KKNHZ.gif", "price": "399", "unit_price": "$.05/ oz", "name": "Gatorade G Series 02 Perform Lemon-Lime Thirst Quencher - 6 pk", "cnid": "501", "productId": "147284", "size": "12 oz btl"},
{"thumb": "http://i4.peapod.com/c/KK/KKNHZ.gif", "price": "649", "unit_price": "$.04/ oz", "name": "Gatorade G Series 02 Perform Lemon-Lime Thirst Quencher - 8 pk", "cnid": "501", "productId": "115381", "size": "20 oz btl"},
{"thumb": "http://i4.peapod.com/c/KK/KKNHZ.gif", "price": "259", "unit_price": "$.04/ oz", "name": "Gatorade G Series 02 Perform Orange Thirst Quencher", "cnid": "501", "productId": "7382", "size": "64 oz btl"},
{"thumb": "http://i4.peapod.com/c/KK/KKNHZ.gif", "price": "88", "unit_price": "$.03/ oz", "name": "Gatorade G Series 02 Perform Orange Thirst Quencher", "cnid": "501", "productId": "11362", "size": "32 oz btl"},
{"thumb": "http://i4.peapod.com/c/KK/KKNHZ.gif", "price": "649", "unit_price": "$.04/ oz", "name": "Gatorade G Series 02 Perform Orange Thirst Quencher - 8 pk", "cnid": "501", "productId": "115383", "size": "20 oz btl"},
{"thumb": "http://i4.peapod.com/c/KK/KKNHZ.gif", "price": "399", "unit_price": "$.05/ oz", "name": "Gatorade G Series 02 Perform Original Berry Thirst Quencher - 6 pk", "cnid": "501", "productId": "128775", "size": "12 oz btl"},
{"thumb": "http://i4.peapod.com/c/KK/KKNHZ.gif", "price": "259", "unit_price": "$.04/ oz", "name": "Gatorade G Series 02 Perform Original Fruit Punch Thirst Quencher", "cnid": "501", "productId": "7381", "size": "64 oz btl"},
{"thumb": "http://i4.peapod.com/c/KK/KKNHZ.gif", "price": "88", "unit_price": "$.03/ oz", "name": "Gatorade G Series 02 Perform Original Fruit Punch Thirst Quencher", "cnid": "501", "productId": "7374", "size": "32 oz btl"},
{"thumb": "http://i4.peapod.com/c/KK/KKNHZ.gif", "price": "88", "unit_price": "$.03/ oz", "name": "Gatorade G Series 02 Perform Original Grape Thirst Quencher", "cnid": "501", "productId": "114421", "size": "32 oz btl"},
{"thumb": "http://i4.peapod.com/c/KK/KKNHZ.gif", "price": "399", "unit_price": "$.33/ oz", "name": "Gatorade G Series 02 Perform Original Ice Punch Thirst Quencher - 6 pk", "cnid": "501", "productId": "172987", "size": "12 oz btl"},
{"thumb": "http://i4.peapod.com/c/KK/KKNHZ.gif", "price": "399", "unit_price": "$.05/ oz", "name": "Gatorade G Series 02 Perform Original Orange Thirst Quencher - 6 pk", "cnid": "501", "productId": "155267", "size": "12 oz btl"},
{"thumb": "http://i4.peapod.com/c/KK/KKNHZ.gif", "price": "88", "unit_price": "$.03/ oz", "name": "Gatorade G Series 02 Perform Rain Berry Thirst Quencher", "cnid": "501", "productId": "156971", "size": "32 oz btl"},
{"thumb": "http://i4.peapod.com/c/KK/KKNHZ.gif", "price": "189", "unit_price": "$.06/ oz", "name": "Glaceau Smart Water Electrolyte Enhanced", "cnid": "501", "productId": "119677", "size": "1 ltr btl"},
{"thumb": "http://i4.peapod.com/c/KK/KKNHZ.gif", "price": "229", "unit_price": "$.05/ oz", "name": "Glaceau Smart Water Electrolyte Enhanced", "cnid": "501", "productId": "128881", "size": "1.5 ltr btl"},
{"thumb": "http://i4.peapod.com/c/KK/KKNHZ.gif", "price": "169", "unit_price": "$.07/ oz", "name": "Glaceau Smart Water Electrolyte Enhanced Sport Cap", "cnid": "501", "productId": "154578", "size": "23.7 oz btl"},
{"thumb": "http://i4.peapod.com/c/KK/KKNHZ.gif", "price": "1399", "unit_price": "$.06/ oz", "name": "Glaceau Vitamin Water Assorted Essential, Power-C, XXX, Revive - 12 pk", "cnid": "501", "productId": "146563", "size": "20 oz btl"},
{"thumb": "http://i4.peapod.com/c/KK/KKNHZ.gif", "price": "125", "unit_price": "$.06/ oz", "name": "Glaceau Vitamin Water Energy Tropical Citrus", "cnid": "501", "productId": "125592", "size": "20 oz btl"},
{"thumb": "http://i4.peapod.com/c/KK/KKNHZ.gif", "price": "125", "unit_price": "$.06/ oz", "name": "Glaceau Vitamin Water Essential Orange-Orange", "cnid": "501", "productId": "125614", "size": "20 oz btl"},
{"thumb": "http://i4.peapod.com/c/KK/KKNHZ.gif", "price": "125", "unit_price": "$.06/ oz", "name": "Glaceau Vitamin Water Focus Kiwi Strawberry", "cnid": "501", "productId": "139928", "size": "20 oz btl"},
{"thumb": "http://i4.peapod.com/c/KK/KKNHZ.gif", "price": "125", "unit_price": "$.06/ oz", "name": "Glaceau Vitamin Water Multi-V Lemonade", "cnid": "501", "productId": "127220", "size": "20 oz btl"},
{"thumb": "http://i4.peapod.com/c/KK/KKNHZ.gif", "price": "189", "unit_price": "$.06/ oz", "name": "Glaceau Vitamin Water Power-C Dragonfruit", "cnid": "501", "productId": "150707", "size": "32 oz btl"},
{"thumb": "http://i4.peapod.com/c/KK/KKNHZ.gif", "price": "125", "unit_price": "$.06/ oz", "name": "Glaceau Vitamin Water Power-C Dragonfruit", "cnid": "501", "productId": "125613", "size": "20 oz btl"},
{"thumb": "http://i4.peapod.com/c/KK/KKNHZ.gif", "price": "499", "unit_price": "$.05/ oz", "name": "Glaceau Vitamin Water Power-C Dragonfruit - 6 pk", "cnid": "501", "productId": "184582", "size": "16.9 oz btl"},
{"thumb": "http://i4.peapod.com/c/KK/KKNHZ.gif", "price": "125", "unit_price": "$.06/ oz", "name": "Glaceau Vitamin Water Revive Fruit Punch", "cnid": "501", "productId": "125615", "size": "20 oz btl"},
{"thumb": "http://i4.peapod.com/c/KK/KKNHZ.gif", "price": "189", "unit_price": "$.06/ oz", "name": "Glaceau Vitamin Water XXX Acai-Blueberry-Pomegranate", "cnid": "501", "productId": "174403", "size": "32 oz btl"},
{"thumb": "http://i4.peapod.com/c/KK/KKNHZ.gif", "price": "125", "unit_price": "$.06/ oz", "name": "Glaceau Vitamin Water XXX Triple Antioxidants Acai Blueberry Pomegranate", "cnid": "501", "productId": "145936", "size": "20 oz btl"},
{"thumb": "http://i4.peapod.com/c/KK/KKNHZ.gif", "price": "125", "unit_price": "$.06/ oz", "name": "Glaceau Vitamin Water Zero Glow Strawberry-Guanabana Flavored", "cnid": "501", "productId": "162267", "size": "20 oz btl"},
{"thumb": "http://i4.peapod.com/c/KK/KKNHZ.gif", "price": "125", "unit_price": "$.06/ oz", "name": "Glaceau Vitamin Water Zero Go-Go Mixed Berry Flavored", "cnid": "501", "productId": "158079", "size": "20 oz btl"},
{"thumb": "http://i4.peapod.com/c/KK/KKNHZ.gif", "price": "125", "unit_price": "$.06/ oz", "name": "Glaceau Vitamin Water Zero Squeezed Lemonade Flavored", "cnid": "501", "productId": "158082", "size": "20 oz btl"},
{"thumb": "http://i4.peapod.com/c/KK/KKNHZ.gif", "price": "125", "unit_price": "$.06/ oz", "name": "Glaceau Vitamin Water Zero XXX Acai Blueberry Pomegranate Flavored", "cnid": "501", "productId": "158080", "size": "20 oz btl"},
{"thumb": "http://i4.peapod.com/c/KK/KKNHZ.gif", "price": "300", "unit_price": "$1.85/ oz", "name": "MIO Berry Pomegranate Liquid Water Enhancer - 24 Drops", "cnid": "501", "productId": "162230", "size": "1.62 oz btl"},
{"thumb": "http://i4.peapod.com/c/KK/KKNHZ.gif", "price": "300", "unit_price": "$1.85/ oz", "name": "MIO Fruit Punch Liquid Water Enhancer 24 Drops", "cnid": "501", "productId": "162975", "size": "1.62 oz btl"},
{"thumb": "http://i4.peapod.com/c/KK/KKNHZ.gif", "price": "300", "unit_price": "$1.85/ oz", "name": "MIO Mango Peach Liquid Water Enhancer - 24 Drops", "cnid": "501", "productId": "162232", "size": "1.62 oz btl"},
{"thumb": "http://i4.peapod.com/c/KK/KKNHZ.gif", "price": "300", "unit_price": "$1.85/ oz", "name": "MIO Orange Tangerine Liquid Water Enhancer - 24 Drops", "cnid": "501", "productId": "183843", "size": "1.62 oz btl"},
{"thumb": "http://i4.peapod.com/c/KK/KKNHZ.gif", "price": "300", "unit_price": "$1.85/ oz", "name": "MIO Strawberry Watermelon Liquid Water Enhancer - 24 Drops", "cnid": "501", "productId": "162231", "size": "1.62 oz btl"},
{"thumb": "http://i4.peapod.com/c/KK/KKNHZ.gif", "price": "300", "unit_price": "$1.85/ oz", "name": "MIO Sweet Tea Liquid Water Enhancer - 24 Drops", "cnid": "501", "productId": "162234", "size": "1.62 oz btl"},
{"thumb": "http://i4.peapod.com/c/KK/KKNHZ.gif", "price": "219", "unit_price": "$.14/ oz", "name": "Monster Energy Drink", "cnid": "501", "productId": "160643", "size": "16 oz can"},
{"thumb": "http://i4.peapod.com/c/KK/KKNHZ.gif", "price": "699", "unit_price": "$.11/ oz", "name": "Monster Energy Drink - 4 pk", "cnid": "501", "productId": "143906", "size": "16 oz can"},
{"thumb": "http://i4.peapod.com/c/KK/KKNHZ.gif", "price": "699", "unit_price": "$.11/ oz", "name": "Monster Lo-Carb Energy Drink - 4 pk", "cnid": "501", "productId": "143907", "size": "16 oz can"},
{"thumb": "http://i4.peapod.com/c/KK/KKNHZ.gif", "price": "88", "unit_price": "$.03/ oz", "name": "POWERade ION4 Fruit Punch Sports Drink", "cnid": "501", "productId": "30022", "size": "32 oz btl"},
{"thumb": "http://i4.peapod.com/c/KK/KKNHZ.gif", "price": "649", "unit_price": "$.04/ oz", "name": "POWERade ION4 Fruit Punch Sports Drink - 8 pk", "cnid": "501", "productId": "131603", "size": "20 oz btl"},
{"thumb": "http://i4.peapod.com/c/KK/KKNHZ.gif", "price": "88", "unit_price": "$.03/ oz", "name": "POWERade ION4 Lemon Lime Sports Drink", "cnid": "501", "productId": "30433", "size": "32 oz btl"},
{"thumb": "http://i4.peapod.com/c/KK/KKNHZ.gif", "price": "649", "unit_price": "$.04/ oz", "name": "POWERade ION4 Mountain Berry Blast Sports Drink - 8 pk", "cnid": "501", "productId": "131602", "size": "20 oz btl"},
{"thumb": "http://i4.peapod.com/c/KK/KKNHZ.gif", "price": "88", "unit_price": "$.03/ oz", "name": "POWERade ION4 Mountain Blast Sports Drink", "cnid": "501", "productId": "85948", "size": "32 oz btl"},
{"thumb": "http://i4.peapod.com/c/KK/KKNHZ.gif", "price": "88", "unit_price": "$.03/ oz", "name": "POWERade ION4 Strawberry Lemonade Sports Drink", "cnid": "501", "productId": "150558", "size": "32 oz btl"},
{"thumb": "http://i4.peapod.com/c/KK/KKNHZ.gif", "price": "88", "unit_price": "$.03/ oz", "name": "POWERade ZERO ION4 Fruit Punch Sports Drink", "cnid": "501", "productId": "162265", "size": "32 oz btl"},
{"thumb": "http://i4.peapod.com/c/KK/KKNHZ.gif", "price": "649", "unit_price": "$.04/ oz", "name": "POWERade ZERO ION4 Fruit Punch Sports Drink - 8 pk", "cnid": "501", "productId": "178286", "size": "20 oz btl"},
{"thumb": "http://i4.peapod.com/c/KK/KKNHZ.gif", "price": "88", "unit_price": "$.03/ oz", "name": "POWERade ZERO ION4 Grape Sports Drink", "cnid": "501", "productId": "150559", "size": "32 oz btl"},
{"thumb": "http://i4.peapod.com/c/KK/KKNHZ.gif", "price": "649", "unit_price": "$.04/ oz", "name": "POWERade ZERO ION4 Grape Sports Drink - 8 pk", "cnid": "501", "productId": "161913", "size": "20 oz btl"},
{"thumb": "http://i4.peapod.com/c/KK/KKNHZ.gif", "price": "88", "unit_price": "$.03/ oz", "name": "POWERade ZERO ION4 Lemon Lime Sports Drink", "cnid": "501", "productId": "158088", "size": "32 oz btl"},
{"thumb": "http://i4.peapod.com/c/KK/KKNHZ.gif", "price": "88", "unit_price": "$.03/ oz", "name": "POWERade ZERO ION4 Mixed Berry Sports Drink", "cnid": "501", "productId": "150714", "size": "32 oz btl"},
{"thumb": "http://i4.peapod.com/c/KK/KKNHZ.gif", "price": "649", "unit_price": "$.04/ oz", "name": "POWERade ZERO ION4 Mixed Berry Sports Drink - 8 pk", "cnid": "501", "productId": "161914", "size": "20 oz btl"},
{"thumb": "http://i4.peapod.com/c/KK/KKNHZ.gif", "price": "88", "unit_price": "$.03/ oz", "name": "POWERade ZERO ION4 Orange Sports Drink", "cnid": "501", "productId": "158089", "size": "32 oz btl"},
{"thumb": "http://i4.peapod.com/c/KK/KKNHZ.gif", "price": "88", "unit_price": "$.03/ oz", "name": "POWERade ZERO ION4 Strawberry Sports Drink", "cnid": "501", "productId": "150713", "size": "32 oz btl"},
{"thumb": "http://i4.peapod.com/c/KK/KKNHZ.gif", "price": "799", "unit_price": "$.04/ oz", "name": "Propel Zero Berry Nutrient Enhanced Water Beverage - 12 pk", "cnid": "501", "productId": "158646", "size": "16.9 oz btl"},
{"thumb": "http://i4.peapod.com/c/KK/KKNHZ.gif", "price": "50", "unit_price": "$.02/ oz", "name": "Propel Zero Grape Nutrient Enhanced Water Beverage", "cnid": "501", "productId": "147276", "size": "24 oz btl"},
{"thumb": "http://i4.peapod.com/c/KK/KKNHZ.gif", "price": "449", "unit_price": "$.04/ oz", "name": "Propel Zero Grape Nutrient Enhanced Water Beverage - 6 pk", "cnid": "501", "productId": "142652", "size": "16.9 oz btl"},
{"thumb": "http://i4.peapod.com/c/KK/KKNHZ.gif", "price": "799", "unit_price": "$.04/ oz", "name": "Propel Zero Kiwi Strawberry Nutrient Enhanced Water Beverage - 12 pk", "cnid": "501", "productId": "157908", "size": "16.9 oz btl"},
{"thumb": "http://i4.peapod.com/c/KK/KKNHZ.gif", "price": "799", "unit_price": "$.04/ oz", "name": "Propel Zero Lemon Nutrient Enhanced Water Beverage - 12 pk", "cnid": "501", "productId": "158647", "size": "16.9 oz btl"},
{"thumb": "http://i4.peapod.com/c/KK/KKNHZ.gif", "price": "449", "unit_price": "$.04/ oz", "name": "Propel Zero Lemon Nutrient Enhanced Water Beverage - 6 pk", "cnid": "501", "productId": "119012", "size": "16.9 oz btl"},
{"thumb": "http://i4.peapod.com/c/KK/KKNHZ.gif", "price": "1999", "unit_price": "$.20/ oz", "name": "Red Bull Energy Drink - 12 pk", "cnid": "501", "productId": "140090", "size": "8.4 oz can"},
{"thumb": "http://i4.peapod.com/c/KK/KKNHZ.gif", "price": "999", "unit_price": "$.21/ oz", "name": "Red Bull Energy Drink - 4 pk", "cnid": "501", "productId": "157124", "size": "12 oz can"},
{"thumb": "http://i4.peapod.com/c/KK/KKNHZ.gif", "price": "799", "unit_price": "$.24/ oz", "name": "Red Bull Energy Drink - 4 pk", "cnid": "501", "productId": "131981", "size": "8.4 oz can"},
{"thumb": "http://i4.peapod.com/c/KK/KKNHZ.gif", "price": "1999", "unit_price": "$.20/ oz", "name": "Red Bull Energy Drink Sugar Free - 12 pk", "cnid": "501", "productId": "142203", "size": "8.4 oz can"},
{"thumb": "http://i4.peapod.com/c/KK/KKNHZ.gif", "price": "799", "unit_price": "$.24/ oz", "name": "Red Bull Energy Drink Sugar Free - 4 pk", "cnid": "501", "productId": "132025", "size": "8.4 oz can"},
{"thumb": "http://i4.peapod.com/c/KK/KKNHZ.gif", "price": "999", "unit_price": "$.21/ oz", "name": "Red Bull Energy Drink Sugar Free - 4 pk", "cnid": "501", "productId": "157123", "size": "12 oz can"},
{"thumb": "http://i4.peapod.com/c/KK/KKNHZ.gif", "price": "799", "unit_price": "$.24/ oz", "name": "Red Bull Energy Drink Total Zero - 4 pk", "cnid": "501", "productId": "187037", "size": "8.4 oz can"},
{"thumb": "http://i4.peapod.com/c/KK/KKNHZ.gif", "price": "229", "unit_price": "$.14/ oz", "name": "ROCKSTAR Energy Drink", "cnid": "501", "productId": "139472", "size": "16 oz can"},
{"thumb": "http://i4.peapod.com/c/KK/KKNHZ.gif", "price": "139", "unit_price": "$.07/ oz", "name": "SoBe Life Water Black & Blue Berry Vitamin Enhanced Water 0 Calorie", "cnid": "501", "productId": "154231", "size": "20 oz btl"},
{"thumb": "http://i4.peapod.com/c/KK/KKNHZ.gif", "price": "139", "unit_price": "$.07/ oz", "name": "SoBe Life Water Fuji Apple Pear Vitamin Enhanced Water Beverage 0 Calorie", "cnid": "501", "productId": "154232", "size": "20 oz btl"},
{"thumb": "http://i4.peapod.com/c/KK/KKNHZ.gif", "price": "139", "unit_price": "$.07/ oz", "name": "SoBe Life Water Yumberry Pomegranate Vitamin Enhanced Water 0 Calorie", "cnid": "501", "productId": "154233", "size": "20 oz btl"},
{"thumb": "http://i4.peapod.com/c/KK/KKNHZ.gif", "price": "279", "unit_price": "$1.72/ oz", "name": "Stop & Shop Berry Pomegranate Liquid Water Enhancer", "cnid": "501", "productId": "189912", "size": "1.6 oz btl"},
{"thumb": "http://i4.peapod.com/c/KK/KKNHZ.gif", "price": "279", "unit_price": "$1.72/ oz", "name": "Stop & Shop Citrus Blend Liquid Water Enhancer", "cnid": "501", "productId": "189913", "size": "1.6 oz btl"},
{"thumb": "http://i4.peapod.com/c/KK/KKNHZ.gif", "price": "100", "unit_price": "$.03/ oz", "name": "Stop & Shop Electrolyte Enhanced Water with Added Minerals", "cnid": "501", "productId": "182568", "size": "1 ltr btl"},
{"thumb": "http://i4.peapod.com/c/KK/KKNHZ.gif", "price": "279", "unit_price": "$1.74/ oz", "name": "Stop & Shop Fruit Punch Liquid Water Enhancer", "cnid": "501", "productId": "189910", "size": "1.6 oz btl"},
{"thumb": "http://i4.peapod.com/c/KK/KKNHZ.gif", "price": "279", "unit_price": "$1.72/ oz", "name": "Stop & Shop Strawberry Watermelon Liquid Water Enhancer", "cnid": "501", "productId": "189911", "size": "1.6 oz btl"},
{"thumb": "http://i4.peapod.com/c/KK/KKNHZ.gif", "price": "100", "unit_price": "$.01/ oz", "name": "7-Up", "cnid": "488", "productId": "9352", "size": "2 ltr btl"},
{"thumb": "http://i4.peapod.com/c/KK/KKNHZ.gif", "price": "569", "unit_price": "$.04/ oz", "name": "7-Up - 12 pk", "cnid": "488", "productId": "9361", "size": "12 oz can"},
{"thumb": "http://i4.peapod.com/c/KK/KKNHZ.gif", "price": "100", "unit_price": "$.01/ oz", "name": "7-Up Diet", "cnid": "488", "productId": "9355", "size": "2 ltr btl"},
{"thumb": "http://i4.peapod.com/c/KK/KKNHZ.gif", "price": "569", "unit_price": "$.04/ oz", "name": "7-Up Diet - 12 pk", "cnid": "488", "productId": "9362", "size": "12 oz can"},
{"thumb": "http://i4.peapod.com/c/KK/KKNHZ.gif", "price": "100", "unit_price": "$.01/ oz", "name": "A & W Cream Soda", "cnid": "488", "productId": "9319", "size": "2 ltr btl"},
{"thumb": "http://i4.peapod.com/c/KK/KKNHZ.gif", "price": "100", "unit_price": "$.01/ oz", "name": "A & W Root Beer", "cnid": "488", "productId": "7928", "size": "2 ltr btl"},
{"thumb": "http://i4.peapod.com/c/KK/KKNHZ.gif", "price": "569", "unit_price": "$.04/ oz", "name": "A & W Root Beer - 12 pk", "cnid": "488", "productId": "51150", "size": "12 oz can"},
{"thumb": "http://i4.peapod.com/c/KK/KKNHZ.gif", "price": "100", "unit_price": "$.01/ oz", "name": "A & W Root Beer Diet", "cnid": "488", "productId": "7929", "size": "2 ltr btl"},
{"thumb": "http://i4.peapod.com/c/KK/KKNHZ.gif", "price": "569", "unit_price": "$.04/ oz", "name": "A & W Root Beer Diet -12 pk", "cnid": "488", "productId": "15640", "size": "12 oz can"},
{"thumb": "http://i4.peapod.com/c/KK/KKNHZ.gif", "price": "275", "unit_price": "$.06/ oz", "name": "A & W Root Beer Diet - 6 pk", "cnid": "488", "productId": "177118", "size": "8 oz can"},
{"thumb": "http://i4.peapod.com/c/KK/KKNHZ.gif", "price": "499", "unit_price": "$.04/ oz", "name": "Barq's Root Beer - 12 pk", "cnid": "488", "productId": "8466", "size": "12 oz can"},
{"thumb": "http://i4.peapod.com/c/KK/KKNHZ.gif", "price": "499", "unit_price": "$.04/ oz", "name": "Barq's Root Beer Diet - 12 pk", "cnid": "488", "productId": "8468", "size": "12 oz can"},
{"thumb": "http://i4.peapod.com/c/KK/KKNHZ.gif", "price": "179", "unit_price": "$.03/ oz", "name": "Canada Dry Ginger Ale", "cnid": "488", "productId": "1247", "size": "2 ltr btl"},
{"thumb": "http://i4.peapod.com/c/KK/KKNHZ.gif", "price": "499", "unit_price": "$.04/ oz", "name": "Canada Dry Ginger Ale - 12 pk", "cnid": "488", "productId": "1257", "size": "12 oz can"},
{"thumb": "http://i4.peapod.com/c/KK/KKNHZ.gif", "price": "649", "unit_price": "$.03/ oz", "name": "Canada Dry Ginger Ale - 20 pk", "cnid": "488", "productId": "18362", "size": "12 oz can"},
{"thumb": "http://i4.peapod.com/c/KK/KKNHZ.gif", "price": "333", "unit_price": "$.03/ oz", "name": "Canada Dry Ginger Ale - 6 pk", "cnid": "488", "productId": "157931", "size": "16.9 oz btl"},
{"thumb": "http://i4.peapod.com/c/KK/KKNHZ.gif", "price": "429", "unit_price": "$.07/ oz", "name": "Canada Dry Ginger Ale - 6 pk", "cnid": "488", "productId": "1240", "size": "10 oz btl"},
{"thumb": "http://i4.peapod.com/c/KK/KKNHZ.gif", "price": "333", "unit_price": "$.06/ oz", "name": "Canada Dry Ginger Ale - 8 pk", "cnid": "488", "productId": "153778", "size": "7.5 oz can"},
{"thumb": "http://i4.peapod.com/c/KK/KKNHZ.gif", "price": "449", "unit_price": "$.05/ oz", "name": "Canada Dry Ginger Ale - 8 pk", "cnid": "488", "productId": "157933", "size": "12 oz btl"},
{"thumb": "http://i4.peapod.com/c/KK/KKNHZ.gif", "price": "179", "unit_price": "$.03/ oz", "name": "Canada Dry Ginger Ale Diet", "cnid": "488", "productId": "1237", "size": "2 ltr btl"},
{"thumb": "http://i4.peapod.com/c/KK/KKNHZ.gif", "price": "499", "unit_price": "$.04/ oz", "name": "Canada Dry Ginger Ale Diet - 12 pk", "cnid": "488", "productId": "1259", "size": "12 oz can"},
{"thumb": "http://i4.peapod.com/c/KK/KKNHZ.gif", "price": "333", "unit_price": "$.06/ oz", "name": "Canada Dry Ginger Ale Diet - 8 pk", "cnid": "488", "productId": "157934", "size": "7.5 oz can"},
{"thumb": "http://i4.peapod.com/c/KK/KKNHZ.gif", "price": "179", "unit_price": "$.03/ oz", "name": "Coca-Cola Cherry", "cnid": "488", "productId": "6816", "size": "2 ltr btl"},
{"thumb": "http://i4.peapod.com/c/KK/KKNHZ.gif", "price": "499", "unit_price": "$.04/ oz", "name": "Coca-Cola Cherry - 12 pk", "cnid": "488", "productId": "6817", "size": "12 oz can"},
{"thumb": "http://i4.peapod.com/c/KK/KKNHZ.gif", "price": "179", "unit_price": "$.03/ oz", "name": "Coca-Cola Cherry Zero", "cnid": "488", "productId": "144510", "size": "2 ltr btl"},
{"thumb": "http://i4.peapod.com/c/KK/KKNHZ.gif", "price": "499", "unit_price": "$.04/ oz", "name": "Coca-Cola Cherry Zero - 12 pk", "cnid": "488", "productId": "144509", "size": "12 oz can"},
{"thumb": "http://i4.peapod.com/c/KK/KKNHZ.gif", "price": "179", "unit_price": "$.03/ oz", "name": "Coca-Cola Classic", "cnid": "488", "productId": "6831", "size": "2 ltr btl"},
{"thumb": "http://i4.peapod.com/c/KK/KKNHZ.gif", "price": "499", "unit_price": "$.04/ oz", "name": "Coca-Cola Classic - 12 pk", "cnid": "488", "productId": "6830", "size": "12 oz can"},
{"thumb": "http://i4.peapod.com/c/KK/KKNHZ.gif", "price": "649", "unit_price": "$.03/ oz", "name": "Coca-Cola Classic - 20 pk", "cnid": "488", "productId": "153594", "size": "12 oz can"},
{"thumb": "http://i4.peapod.com/c/KK/KKNHZ.gif", "price": "333", "unit_price": "$.03/ oz", "name": "Coca-Cola Classic - 6 pk", "cnid": "488", "productId": "92762", "size": "16.9 oz btl"},
{"thumb": "http://i4.peapod.com/c/KK/KKNHZ.gif", "price": "449", "unit_price": "$.05/ oz", "name": "Coca-Cola Classic - 8 pk", "cnid": "488", "productId": "12654", "size": "12 oz btl"},
{"thumb": "http://i4.peapod.com/c/KK/KKNHZ.gif", "price": "179", "unit_price": "$.03/ oz", "name": "Coca-Cola Classic Caffeine Free", "cnid": "488", "productId": "21353", "size": "2 ltr btl"},
{"thumb": "http://i4.peapod.com/c/KK/KKNHZ.gif", "price": "499", "unit_price": "$.04/ oz", "name": "Coca-Cola Classic Caffeine Free - 12 pk", "cnid": "488", "productId": "6821", "size": "12 oz can"},
{"thumb": "http://i4.peapod.com/c/KK/KKNHZ.gif", "price": "499", "unit_price": "$.10/ oz", "name": "Coca-Cola Classic Glass Bottles - 6 pk", "cnid": "488", "productId": "73431", "size": "8 oz btl"},
{"thumb": "http://i4.peapod.com/c/KK/KKNHZ.gif", "price": "333", "unit_price": "$.06/ oz", "name": "Coca-Cola Classic Mini Can - 8 pk", "cnid": "488", "productId": "153468", "size": "7.5 oz can"},
{"thumb": "http://i4.peapod.com/c/KK/KKNHZ.gif", "price": "499", "unit_price": "$.04/ oz", "name": "Coca-Cola Vanilla - 12 pk", "cnid": "488", "productId": "128338", "size": "12 oz can"},
{"thumb": "http://i4.peapod.com/c/KK/KKNHZ.gif", "price": "179", "unit_price": "$.03/ oz", "name": "Coca-Cola Zero", "cnid": "488", "productId": "138037", "size": "2 ltr btl"},
{"thumb": "http://i4.peapod.com/c/KK/KKNHZ.gif", "price": "499", "unit_price": "$.04/ oz", "name": "Coca-Cola Zero - 12 pk", "cnid": "488", "productId": "138039", "size": "12 oz can"},
{"thumb": "http://i4.peapod.com/c/KK/KKNHZ.gif", "price": "649", "unit_price": "$.03/ oz", "name": "Coca-Cola Zero - 20 pk", "cnid": "488", "productId": "153595", "size": "12 oz can"},
{"thumb": "http://i4.peapod.com/c/KK/KKNHZ.gif", "price": "333", "unit_price": "$.03/ oz", "name": "Coca-Cola Zero - 6 pk", "cnid": "488", "productId": "146551", "size": "16.9 oz btl"},
{"thumb": "http://i4.peapod.com/c/KK/KKNHZ.gif", "price": "333", "unit_price": "$.06/ oz", "name": "Coca-Cola Zero Mini Can - 8 pk", "cnid": "488", "productId": "157935", "size": "7.5 oz can"},
{"thumb": "http://i4.peapod.com/c/KK/KKNHZ.gif", "price": "179", "unit_price": "$.03/ oz", "name": "Coke Caffeine Free Diet", "cnid": "488", "productId": "6836", "size": "2 ltr btl"},
{"thumb": "http://i4.peapod.com/c/KK/KKNHZ.gif", "price": "499", "unit_price": "$.04/ oz", "name": "Coke Caffeine Free Diet - 12 pk", "cnid": "488", "productId": "6837", "size": "12 oz can"},
{"thumb": "http://i4.peapod.com/c/KK/KKNHZ.gif", "price": "333", "unit_price": "$.03/ oz", "name": "Coke Caffeine Free Diet - 6 pk", "cnid": "488", "productId": "93625", "size": "16.9 oz btl"},
{"thumb": "http://i4.peapod.com/c/KK/KKNHZ.gif", "price": "449", "unit_price": "$.05/ oz", "name": "Coke Caffeine Free Diet - 8 pk", "cnid": "488", "productId": "152614", "size": "12 oz btl"},
{"thumb": "http://i4.peapod.com/c/KK/KKNHZ.gif", "price": "99", "unit_price": "$.02/ oz", "name": "Coke Diet", "cnid": "488", "productId": "162861", "size": "1.25 ltr"},
{"thumb": "http://i4.peapod.com/c/KK/KKNHZ.gif", "price": "179", "unit_price": "$.03/ oz", "name": "Coke Diet", "cnid": "488", "productId": "6833", "size": "2 ltr btl"},
{"thumb": "http://i4.peapod.com/c/KK/KKNHZ.gif", "price": "499", "unit_price": "$.04/ oz", "name": "Coke Diet - 12 pk", "cnid": "488", "productId": "6839", "size": "12 oz can"},
{"thumb": "http://i4.peapod.com/c/KK/KKNHZ.gif", "price": "649", "unit_price": "$.03/ oz", "name": "Coke Diet - 20 pk", "cnid": "488", "productId": "153596", "size": "12 oz can"},
{"thumb": "http://i4.peapod.com/c/KK/KKNHZ.gif", "price": "333", "unit_price": "$.03/ oz", "name": "Coke Diet - 6 pk", "cnid": "488", "productId": "92759", "size": "16.9 oz btl"},
{"thumb": "http://i4.peapod.com/c/KK/KKNHZ.gif", "price": "449", "unit_price": "$.05/ oz", "name": "Coke Diet - 8 pk", "cnid": "488", "productId": "12655", "size": "12 oz btl"},
{"thumb": "http://i4.peapod.com/c/KK/KKNHZ.gif", "price": "333", "unit_price": "$.06/ oz", "name": "Coke Diet Mini Sleek Can - 8 pk", "cnid": "488", "productId": "153470", "size": "7.5 oz can"},
{"thumb": "http://i4.peapod.com/c/KK/KKNHZ.gif", "price": "179", "unit_price": "$.03/ oz", "name": "Coke with Lime Diet", "cnid": "488", "productId": "133502", "size": "2 ltr btl"},
{"thumb": "http://i4.peapod.com/c/KK/KKNHZ.gif", "price": "499", "unit_price": "$.04/ oz", "name": "Coke with Lime Diet - 12 pk", "cnid": "488", "productId": "134100", "size": "12 oz can"},
{"thumb": "http://i4.peapod.com/c/KK/KKNHZ.gif", "price": "150", "unit_price": "$.02/ oz", "name": "Crush Grape Soda", "cnid": "488", "productId": "154356", "size": "2 ltr btl"},
{"thumb": "http://i4.peapod.com/c/KK/KKNHZ.gif", "price": "450", "unit_price": "$.03/ oz", "name": "Crush Grape Soda - 12 pk", "cnid": "488", "productId": "131760", "size": "12 oz can"},
{"thumb": "http://i4.peapod.com/c/KK/KKNHZ.gif", "price": "150", "unit_price": "$.02/ oz", "name": "Crush Orange Soda Caffeine Free", "cnid": "488", "productId": "5663", "size": "2 ltr btl"},
{"thumb": "http://i4.peapod.com/c/KK/KKNHZ.gif", "price": "450", "unit_price": "$.03/ oz", "name": "Crush Orange Soda Caffeine Free - 12 pk", "cnid": "488", "productId": "5664", "size": "12 oz can"},
{"thumb": "http://i4.peapod.com/c/KK/KKNHZ.gif", "price": "150", "unit_price": "$.02/ oz", "name": "Crush Orange Soda Caffeine Free Diet", "cnid": "488", "productId": "5668", "size": "2 ltr btl"},
{"thumb": "http://i4.peapod.com/c/KK/KKNHZ.gif", "price": "450", "unit_price": "$.03/ oz", "name": "Crush Orange Soda Diet Caffeine Free - 12 pk", "cnid": "488", "productId": "5669", "size": "12 oz can"},
{"thumb": "http://i4.peapod.com/c/KK/KKNHZ.gif", "price": "179", "unit_price": "$.03/ oz", "name": "Dr. Pepper", "cnid": "488", "productId": "7790", "size": "2 ltr btl"},
{"thumb": "http://i4.peapod.com/c/KK/KKNHZ.gif", "price": "499", "unit_price": "$.04/ oz", "name": "Dr. Pepper - 12 pk", "cnid": "488", "productId": "7792", "size": "12 oz can"},
{"thumb": "http://i4.peapod.com/c/KK/KKNHZ.gif", "price": "649", "unit_price": "$.03/ oz", "name": "Dr. Pepper - 20 pk", "cnid": "488", "productId": "177123", "size": "12 oz can"},
{"thumb": "http://i4.peapod.com/c/KK/KKNHZ.gif", "price": "179", "unit_price": "$.03/ oz", "name": "Dr. Pepper Diet", "cnid": "488", "productId": "7791", "size": "2 ltr btl"},
{"thumb": "http://i4.peapod.com/c/KK/KKNHZ.gif", "price": "499", "unit_price": "$.04/ oz", "name": "Dr. Pepper Diet - 12 pk", "cnid": "488", "productId": "7793", "size": "12 oz can"},
{"thumb": "http://i4.peapod.com/c/KK/KKNHZ.gif", "price": "125", "unit_price": "$.02/ oz", "name": "Fanta Orange Soda", "cnid": "488", "productId": "126809", "size": "2 ltr btl"},
{"thumb": "http://i4.peapod.com/c/KK/KKNHZ.gif", "price": "499", "unit_price": "$.04/ oz", "name": "Fanta Orange Soda - 12 pk", "cnid": "488", "productId": "126853", "size": "12 oz can"},
{"thumb": "http://i4.peapod.com/c/KK/KKNHZ.gif", "price": "333", "unit_price": "$.08/ oz", "name": "Fanta Orange Soda Mini Can - 8 pk", "cnid": "488", "productId": "161979", "size": "7.5 oz can"},
{"thumb": "http://i4.peapod.com/c/KK/KKNHZ.gif", "price": "179", "unit_price": "$.03/ oz", "name": "Fresca Citrus Soda", "cnid": "488", "productId": "6828", "size": "2 ltr btl"},
{"thumb": "http://i4.peapod.com/c/KK/KKNHZ.gif", "price": "499", "unit_price": "$.04/ oz", "name": "Fresca Sparkling Black Cherry Citrus Flavored Soda - 12 pk", "cnid": "488", "productId": "139467", "size": "12 oz can"},
{"thumb": "http://i4.peapod.com/c/KK/KKNHZ.gif", "price": "499", "unit_price": "$.04/ oz", "name": "Fresca Sparkling Original Citrus Flavored Soda - 12 pk", "cnid": "488", "productId": "6849", "size": "12 oz can"},
{"thumb": "http://i4.peapod.com/c/KK/KKNHZ.gif", "price": "399", "unit_price": "$.05/ oz", "name": "Gosling's Ginger Beer All Natural - 6 pk", "cnid": "488", "productId": "190752", "size": "12 oz can"},
{"thumb": "http://i4.peapod.com/c/KK/KKNHZ.gif", "price": "459", "unit_price": "$.07/ oz", "name": "Goya Malta Malt Beverage Non Alcoholic - 10 pk", "cnid": "488", "productId": "42747", "size": "7 oz btl"},
{"thumb": "http://i4.peapod.com/c/KK/KKNHZ.gif", "price": "99", "unit_price": "$.08/ oz", "name": "Goya Refresco Grape Soda", "cnid": "488", "productId": "167728", "size": "12 oz btl"},
{"thumb": "http://i4.peapod.com/c/KK/KKNHZ.gif", "price": "100", "unit_price": "$.01/ oz", "name": "Guaranteed Value Cola Diet", "cnid": "488", "productId": "186253", "size": "3 ltr btl"},
{"thumb": "http://i4.peapod.com/c/KK/KKNHZ.gif", "price": "100", "unit_price": "$.01/ oz", "name": "Guaranteed Value Ginger Ale", "cnid": "488", "productId": "184102", "size": "3 ltr btl"},
{"thumb": "http://i4.peapod.com/c/KK/KKNHZ.gif", "price": "100", "unit_price": "$.01/ oz", "name": "Guaranteed Value Orange Soda", "cnid": "488", "productId": "184005", "size": "3 ltr btl"},
{"thumb": "http://i4.peapod.com/c/KK/KKNHZ.gif", "price": "379", "unit_price": "$.05/ oz", "name": "I.B.C. Cream Soda - 6 pk", "cnid": "488", "productId": "14944", "size": "12 oz btl"},
{"thumb": "http://i4.peapod.com/c/KK/KKNHZ.gif", "price": "379", "unit_price": "$.05/ oz", "name": "I.B.C. Root Beer - 6 pk", "cnid": "488", "productId": "14945", "size": "12 oz btl"},
{"thumb": "http://i4.peapod.com/c/KK/KKNHZ.gif", "price": "379", "unit_price": "$.05/ oz", "name": "I.B.C. Root Beer Diet - 6 pk", "cnid": "488", "productId": "14946", "size": "12 oz btl"},
{"thumb": "http://i4.peapod.com/c/KK/KKNHZ.gif", "price": "119", "unit_price": "$.04/ oz", "name": "Moxie Soda", "cnid": "488", "productId": "160757", "size": "1 ltr btl"},
{"thumb": "http://i4.peapod.com/c/KK/KKNHZ.gif", "price": "299", "unit_price": "$.04/ oz", "name": "Moxie Soda - 6 pk", "cnid": "488", "productId": "160759", "size": "12 oz can"},
{"thumb": "http://i4.peapod.com/c/KK/KKNHZ.gif", "price": "119", "unit_price": "$.04/ oz", "name": "Moxie Soda Diet", "cnid": "488", "productId": "160758", "size": "1 ltr btl"},
{"thumb": "http://i4.peapod.com/c/KK/KKNHZ.gif", "price": "150", "unit_price": "$.02/ oz", "name": "Mtn Dew", "cnid": "488", "productId": "446", "size": "2 ltr btl"},
{"thumb": "http://i4.peapod.com/c/KK/KKNHZ.gif", "price": "159", "unit_price": "$.08/ oz", "name": "Mtn Dew", "cnid": "488", "productId": "157940", "size": "20 oz btl"},
{"thumb": "http://i4.peapod.com/c/KK/KKNHZ.gif", "price": "450", "unit_price": "$.03/ oz", "name": "Mtn Dew - 12 pk", "cnid": "488", "productId": "466", "size": "12 oz can"},
{"thumb": "http://i4.peapod.com/c/KK/KKNHZ.gif", "price": "333", "unit_price": "$.03/ oz", "name": "Mtn Dew - 6 pk", "cnid": "488", "productId": "154244", "size": "16.9 oz btl"},
{"thumb": "http://i4.peapod.com/c/KK/KKNHZ.gif", "price": "150", "unit_price": "$.02/ oz", "name": "Mtn Dew Diet", "cnid": "488", "productId": "459", "size": "2 ltr btl"},
{"thumb": "http://i4.peapod.com/c/KK/KKNHZ.gif", "price": "450", "unit_price": "$.06/ oz", "name": "Mtn Dew Diet - 12 pk", "cnid": "488", "productId": "447", "size": "12 oz can"},
{"thumb": "http://i4.peapod.com/c/KK/KKNHZ.gif", "price": "333", "unit_price": "$.03/ oz", "name": "Mtn Dew Diet - 6 pk", "cnid": "488", "productId": "137595", "size": "16.9 oz btl"},
{"thumb": "http://i4.peapod.com/c/KK/KKNHZ.gif", "price": "150", "unit_price": "$.02/ oz", "name": "Mug Root Beer", "cnid": "488", "productId": "34425", "size": "2 ltr btl"},
{"thumb": "http://i4.peapod.com/c/KK/KKNHZ.gif", "price": "450", "unit_price": "$.03/ oz", "name": "Mug Root Beer - 12 pk", "cnid": "488", "productId": "51072", "size": "12 oz can"},
{"thumb": "http://i4.peapod.com/c/KK/KKNHZ.gif", "price": "150", "unit_price": "$.02/ oz", "name": "Mug Root Beer Diet", "cnid": "488", "productId": "49057", "size": "2 ltr btl"},
{"thumb": "http://i4.peapod.com/c/KK/KKNHZ.gif", "price": "150", "unit_price": "$.02/ oz", "name": "Pepsi", "cnid": "488", "productId": "444", "size": "2 ltr btl"},
{"thumb": "http://i4.peapod.com/c/KK/KKNHZ.gif", "price": "450", "unit_price": "$.03/ oz", "name": "Pepsi - 12 pk", "cnid": "488", "productId": "464", "size": "12 oz can"},
{"thumb": "http://i4.peapod.com/c/KK/KKNHZ.gif", "price": "333", "unit_price": "$.03/ oz", "name": "Pepsi - 6 pk", "cnid": "488", "productId": "153577", "size": "16.9 oz btl"},
{"thumb": "http://i4.peapod.com/c/KK/KKNHZ.gif", "price": "333", "unit_price": "$.06/ oz", "name": "Pepsi - 8 pk", "cnid": "488", "productId": "161201", "size": "7.5 oz can"},
{"thumb": "http://i4.peapod.com/c/KK/KKNHZ.gif", "price": "399", "unit_price": "$.04/ oz", "name": "Pepsi - 8 pk", "cnid": "488", "productId": "137597", "size": "12 oz btl"},
{"thumb": "http://i4.peapod.com/c/KK/KKNHZ.gif", "price": "150", "unit_price": "$.02/ oz", "name": "Pepsi Caffeine Free", "cnid": "488", "productId": "453", "size": "2 ltr btl"},
{"thumb": "http://i4.peapod.com/c/KK/KKNHZ.gif", "price": "450", "unit_price": "$.03/ oz", "name": "Pepsi Caffeine Free - 12 pk", "cnid": "488", "productId": "467", "size": "12 oz can"},
{"thumb": "http://i4.peapod.com/c/KK/KKNHZ.gif", "price": "150", "unit_price": "$.02/ oz", "name": "Pepsi Caffeine Free Diet", "cnid": "488", "productId": "455", "size": "2 ltr btl"},
{"thumb": "http://i4.peapod.com/c/KK/KKNHZ.gif", "price": "450", "unit_price": "$.03/ oz", "name": "Pepsi Caffeine Free Diet - 12 pk", "cnid": "488", "productId": "468", "size": "12 oz can"},
{"thumb": "http://i4.peapod.com/c/KK/KKNHZ.gif", "price": "333", "unit_price": "$.03/ oz", "name": "Pepsi Caffeine Free Diet - 6 pk", "cnid": "488", "productId": "137593", "size": "16.9 oz btl"},
{"thumb": "http://i4.peapod.com/c/KK/KKNHZ.gif", "price": "333", "unit_price": "$.06/ oz", "name": "Pepsi Caffeine Free Diet - 8 pk", "cnid": "488", "productId": "161198", "size": "7.5 oz can"},
{"thumb": "http://i4.peapod.com/c/KK/KKNHZ.gif", "price": "450", "unit_price": "$.03/ oz", "name": "Pepsi Cola Throwback - 12 pk", "cnid": "488", "productId": "162269", "size": "12 oz can"},
{"thumb": "http://i4.peapod.com/c/KK/KKNHZ.gif", "price": "150", "unit_price": "$.02/ oz", "name": "Pepsi Diet", "cnid": "488", "productId": "445", "size": "2 ltr btl"},
{"thumb": "http://i4.peapod.com/c/KK/KKNHZ.gif", "price": "450", "unit_price": "$.03/ oz", "name": "Pepsi Diet - 12 pk", "cnid": "488", "productId": "465", "size": "12 oz can"},
{"thumb": "http://i4.peapod.com/c/KK/KKNHZ.gif", "price": "333", "unit_price": "$.03/ oz", "name": "Pepsi Diet - 6 pk", "cnid": "488", "productId": "137592", "size": "16.9 oz btl"},
{"thumb": "http://i4.peapod.com/c/KK/KKNHZ.gif", "price": "399", "unit_price": "$.04/ oz", "name": "Pepsi Diet - 8 pk", "cnid": "488", "productId": "137598", "size": "12 oz btl"},
{"thumb": "http://i4.peapod.com/c/KK/KKNHZ.gif", "price": "333", "unit_price": "$.06/ oz", "name": "Pepsi Diet - 8 pk", "cnid": "488", "productId": "161200", "size": "7.5 oz can"},
{"thumb": "http://i4.peapod.com/c/KK/KKNHZ.gif", "price": "450", "unit_price": "$.03/ oz", "name": "Pepsi Lime Diet - 12 pk", "cnid": "488", "productId": "138131", "size": "12 oz can"},
{"thumb": "http://i4.peapod.com/c/KK/KKNHZ.gif", "price": "150", "unit_price": "$.02/ oz", "name": "Pepsi Max", "cnid": "488", "productId": "148099", "size": "2 ltr btl"},
{"thumb": "http://i4.peapod.com/c/KK/KKNHZ.gif", "price": "333", "unit_price": "$.03/ oz", "name": "Pepsi Max - 6 pk", "cnid": "488", "productId": "175328", "size": "16.9 oz btl"},
{"thumb": "http://i4.peapod.com/c/KK/KKNHZ.gif", "price": "150", "unit_price": "$.02/ oz", "name": "Pepsi Next 60% Less Sugar", "cnid": "488", "productId": "186508", "size": "2 ltr btl"},
{"thumb": "http://i4.peapod.com/c/KK/KKNHZ.gif", "price": "450", "unit_price": "$.03/ oz", "name": "Pepsi Next 60 Calories per Can - 12 pk", "cnid": "488", "productId": "186507", "size": "12 oz can"},
{"thumb": "http://i4.peapod.com/c/KK/KKNHZ.gif", "price": "450", "unit_price": "$.03/ oz", "name": "Pepsi One Calorie - 12 pk", "cnid": "488", "productId": "100931", "size": "12 oz can"},
{"thumb": "http://i4.peapod.com/c/KK/KKNHZ.gif", "price": "150", "unit_price": "$.02/ oz", "name": "Pepsi Throwback", "cnid": "488", "productId": "164018", "size": "2 ltr btl"},
{"thumb": "http://i4.peapod.com/c/KK/KKNHZ.gif", "price": "150", "unit_price": "$.02/ oz", "name": "Pepsi Wild Cherry", "cnid": "488", "productId": "26380", "size": "2 ltr btl"},
{"thumb": "http://i4.peapod.com/c/KK/KKNHZ.gif", "price": "450", "unit_price": "$.03/ oz", "name": "Pepsi Wild Cherry - 12 pk", "cnid": "488", "productId": "75872", "size": "12 oz can"},
{"thumb": "http://i4.peapod.com/c/KK/KKNHZ.gif", "price": "150", "unit_price": "$.02/ oz", "name": "Pepsi Wild Cherry Diet", "cnid": "488", "productId": "26636", "size": "2 ltr btl"},
{"thumb": "http://i4.peapod.com/c/KK/KKNHZ.gif", "price": "450", "unit_price": "$.03/ oz", "name": "Pepsi Wild Cherry Diet - 12 pk", "cnid": "488", "productId": "92636", "size": "12 oz can"},
{"thumb": "http://i4.peapod.com/c/KK/KKNHZ.gif", "price": "109", "unit_price": "$.03/ oz", "name": "Polar Birch Beer Soda", "cnid": "488", "productId": "181963", "size": "1 ltr btl"},
{"thumb": "http://i4.peapod.com/c/KK/KKNHZ.gif", "price": "99", "unit_price": "$.03/ oz", "name": "Polar Black Cherry Soda Diet", "cnid": "488", "productId": "183562", "size": "1 ltr btl"},
{"thumb": "http://i4.peapod.com/c/KK/KKNHZ.gif", "price": "149", "unit_price": "$.02/ oz", "name": "Polar Dry Orange Soda Diet", "cnid": "488", "productId": "157928", "size": "2 ltr btl"},
{"thumb": "http://i4.peapod.com/c/KK/KKNHZ.gif", "price": "499", "unit_price": "$.04/ oz", "name": "Polar Dry Orange Soda Diet - 12 pk", "cnid": "488", "productId": "37381", "size": "12 oz can"},
{"thumb": "http://i4.peapod.com/c/KK/KKNHZ.gif", "price": "499", "unit_price": "$.04/ oz", "name": "Polar Ginger Ale Diet - 12 pk", "cnid": "488", "productId": "130888", "size": "12 oz can"},
{"thumb": "http://i4.peapod.com/c/KK/KKNHZ.gif", "price": "109", "unit_price": "$.03/ oz", "name": "Polar Golden Ginger Ale Old Fashioned", "cnid": "488", "productId": "180899", "size": "1 ltr btl"},
{"thumb": "http://i4.peapod.com/c/KK/KKNHZ.gif", "price": "149", "unit_price": "$.02/ oz", "name": "Polar Raspberry Lime Soda Diet", "cnid": "488", "productId": "161505", "size": "2 ltr btl"},
{"thumb": "http://i4.peapod.com/c/KK/KKNHZ.gif", "price": "150", "unit_price": "$.02/ oz", "name": "Schweppes Ginger Ale", "cnid": "488", "productId": "1221", "size": "2 ltr btl"},
{"thumb": "http://i4.peapod.com/c/KK/KKNHZ.gif", "price": "150", "unit_price": "$.04/ oz", "name": "Schweppes Ginger Ale", "cnid": "488", "productId": "1211", "size": "1 ltr btl"},
{"thumb": "http://i4.peapod.com/c/KK/KKNHZ.gif", "price": "450", "unit_price": "$.03/ oz", "name": "Schweppes Ginger Ale - 12 pk", "cnid": "488", "productId": "1218", "size": "12 oz can"},
{"thumb": "http://i4.peapod.com/c/KK/KKNHZ.gif", "price": "479", "unit_price": "$.08/ oz", "name": "Schweppes Ginger Ale - 6 pk", "cnid": "488", "productId": "1217", "size": "10 oz btl"},
{"thumb": "http://i4.peapod.com/c/KK/KKNHZ.gif", "price": "333", "unit_price": "$.03/ oz", "name": "Schweppes Ginger Ale - 6 pk", "cnid": "488", "productId": "157932", "size": "16.9 oz btl"},
{"thumb": "http://i4.peapod.com/c/KK/KKNHZ.gif", "price": "150", "unit_price": "$.02/ oz", "name": "Schweppes Ginger Ale Diet", "cnid": "488", "productId": "1233", "size": "2 ltr btl"},
{"thumb": "http://i4.peapod.com/c/KK/KKNHZ.gif", "price": "450", "unit_price": "$.03/ oz", "name": "Schweppes Ginger Ale Diet - 12 pk", "cnid": "488", "productId": "145028", "size": "12 oz can"},
{"thumb": "http://i4.peapod.com/c/KK/KKNHZ.gif", "price": "333", "unit_price": "$.06/ oz", "name": "Schweppes Ginger Ale Diet - 8 pk", "cnid": "488", "productId": "161202", "size": "7.5 oz can"},
{"thumb": "http://i4.peapod.com/c/KK/KKNHZ.gif", "price": "333", "unit_price": "$.06/ oz", "name": "Schweppes Ginger Ale Mini Can - 8 pk", "cnid": "488", "productId": "161199", "size": "7.5 oz can"},
{"thumb": "http://i4.peapod.com/c/KK/KKNHZ.gif", "price": "569", "unit_price": "$.04/ oz", "name": "Seagram's Ginger Ale - 12 pk", "cnid": "488", "productId": "119454", "size": "12 oz can"},
{"thumb": "http://i4.peapod.com/c/KK/KKNHZ.gif", "price": "150", "unit_price": "$.02/ oz", "name": "Sierra Mist Lemon Lime Soda Diet", "cnid": "488", "productId": "136422", "size": "2 ltr btl"},
{"thumb": "http://i4.peapod.com/c/KK/KKNHZ.gif", "price": "450", "unit_price": "$.03/ oz", "name": "Sierra Mist Lemon Lime Soda Diet - 12 pk", "cnid": "488", "productId": "131759", "size": "12 oz can"},
{"thumb": "http://i4.peapod.com/c/KK/KKNHZ.gif", "price": "150", "unit_price": "$.02/ oz", "name": "Sierra Mist Natural Lemon-Lime Soda", "cnid": "488", "productId": "123835", "size": "2 ltr btl"},
{"thumb": "http://i4.peapod.com/c/KK/KKNHZ.gif", "price": "450", "unit_price": "$.03/ oz", "name": "Sierra Mist Natural Lemon-Lime Soda - 12 pk", "cnid": "488", "productId": "125673", "size": "12 oz can"},
{"thumb": "http://i4.peapod.com/c/KK/KKNHZ.gif", "price": "179", "unit_price": "$.03/ oz", "name": "Sprite Lemon Lime Soda", "cnid": "488", "productId": "6826", "size": "2 ltr btl"},
{"thumb": "http://i4.peapod.com/c/KK/KKNHZ.gif", "price": "499", "unit_price": "$.04/ oz", "name": "Sprite Lemon Lime Soda - 12 pk", "cnid": "488", "productId": "6841", "size": "12 oz can"},
{"thumb": "http://i4.peapod.com/c/KK/KKNHZ.gif", "price": "649", "unit_price": "$.03/ oz", "name": "Sprite Lemon Lime Soda - 20 pk", "cnid": "488", "productId": "153593", "size": "12 oz can"},
{"thumb": "http://i4.peapod.com/c/KK/KKNHZ.gif", "price": "333", "unit_price": "$.03/ oz", "name": "Sprite Lemon Lime Soda - 6 pk", "cnid": "488", "productId": "73315", "size": "16.9 oz btl"},
{"thumb": "http://i4.peapod.com/c/KK/KKNHZ.gif", "price": "449", "unit_price": "$.05/ oz", "name": "Sprite Lemon Lime Soda - 8 pk", "cnid": "488", "productId": "137288", "size": "12 oz btl"},
{"thumb": "http://i4.peapod.com/c/KK/KKNHZ.gif", "price": "333", "unit_price": "$.06/ oz", "name": "Sprite Lemon Lime Soda Mini Sleek Can - 8 pk", "cnid": "488", "productId": "153469", "size": "7.5 oz can"},
{"thumb": "http://i4.peapod.com/c/KK/KKNHZ.gif", "price": "179", "unit_price": "$.03/ oz", "name": "Sprite Zero Lemon Lime Soda", "cnid": "488", "productId": "6827", "size": "2 ltr btl"},
{"thumb": "http://i4.peapod.com/c/KK/KKNHZ.gif", "price": "499", "unit_price": "$.04/ oz", "name": "Sprite Zero Lemon-Lime Soda - 12 pk", "cnid": "488", "productId": "6842", "size": "12 oz can"},
{"thumb": "http://i4.peapod.com/c/KK/KKNHZ.gif", "price": "333", "unit_price": "$.07/ oz", "name": "Stewart's Fountain Classics Orange 'n Cream Soda - 4 pk", "cnid": "488", "productId": "145925", "size": "12 oz btl"},
{"thumb": "http://i4.peapod.com/c/KK/KKNHZ.gif", "price": "333", "unit_price": "$.07/ oz", "name": "Stewart's Fountain Classics Root Beer - 4 pk", "cnid": "488", "productId": "127419", "size": "12 oz btl"},
{"thumb": "http://i4.peapod.com/c/KK/KKNHZ.gif", "price": "333", "unit_price": "$.07/ oz", "name": "Stewart's Fountain Classics Root Beer Diet - 4 pk", "cnid": "488", "productId": "127420", "size": "12 oz btl"},
{"thumb": "http://i4.peapod.com/c/KK/KKNHZ.gif", "price": "299", "unit_price": "$.02/ oz", "name": "Stop & Shop Cola - 12 pk", "cnid": "488", "productId": "129248", "size": "12 oz can"},
{"thumb": "http://i4.peapod.com/c/KK/KKNHZ.gif", "price": "77", "unit_price": "$.01/ oz", "name": "Stop & Shop Cola Caffeine Free Diet", "cnid": "488", "productId": "161976", "size": "2 ltr btl"},
{"thumb": "http://i4.peapod.com/c/KK/KKNHZ.gif", "price": "77", "unit_price": "$.01/ oz", "name": "Stop & Shop Cola Diet", "cnid": "488", "productId": "160292", "size": "2 ltr btl"},
{"thumb": "http://i4.peapod.com/c/KK/KKNHZ.gif", "price": "299", "unit_price": "$.02/ oz", "name": "Stop & Shop Cola Diet - 12 pk", "cnid": "488", "productId": "129253", "size": "12 oz can"},
{"thumb": "http://i4.peapod.com/c/KK/KKNHZ.gif", "price": "77", "unit_price": "$.01/ oz", "name": "Stop & Shop Ginger Ale", "cnid": "488", "productId": "122038", "size": "2 ltr btl"},
{"thumb": "http://i4.peapod.com/c/KK/KKNHZ.gif", "price": "299", "unit_price": "$.02/ oz", "name": "Stop & Shop Ginger Ale - 12 pk", "cnid": "488", "productId": "129265", "size": "12 oz can"},
{"thumb": "http://i4.peapod.com/c/KK/KKNHZ.gif", "price": "77", "unit_price": "$.01/ oz", "name": "Stop & Shop Ginger Ale Diet", "cnid": "488", "productId": "122001", "size": "2 ltr btl"},
{"thumb": "http://i4.peapod.com/c/KK/KKNHZ.gif", "price": "299", "unit_price": "$.02/ oz", "name": "Stop & Shop Ginger Ale Diet - 12 pk", "cnid": "488", "productId": "129266", "size": "12 oz can"},
{"thumb": "http://i4.peapod.com/c/KK/KKNHZ.gif", "price": "77", "unit_price": "$.01/ oz", "name": "Stop & Shop Lemon-Lime Soda Diet", "cnid": "488", "productId": "163017", "size": "2 ltr btl"},
{"thumb": "http://i4.peapod.com/c/KK/KKNHZ.gif", "price": "77", "unit_price": "$.01/ oz", "name": "Stop & Shop Orange Soda", "cnid": "488", "productId": "129952", "size": "2 ltr btl"},
{"thumb": "http://i4.peapod.com/c/KK/KKNHZ.gif", "price": "299", "unit_price": "$.02/ oz", "name": "Stop & Shop Orange Soda - 12 pk", "cnid": "488", "productId": "129259", "size": "12 oz can"},
{"thumb": "http://i4.peapod.com/c/KK/KKNHZ.gif", "price": "77", "unit_price": "$.01/ oz", "name": "Stop & Shop Orange Soda Diet", "cnid": "488", "productId": "160291", "size": "2 ltr btl"},
{"thumb": "http://i4.peapod.com/c/KK/KKNHZ.gif", "price": "299", "unit_price": "$.02/ oz", "name": "Stop & Shop Orange Soda Diet - 12 pk", "cnid": "488", "productId": "149530", "size": "12 oz can"},
{"thumb": "http://i4.peapod.com/c/KK/KKNHZ.gif", "price": "299", "unit_price": "$.02/ oz", "name": "Stop & Shop Root Beer - 12 pk", "cnid": "488", "productId": "129255", "size": "12 oz can"},
{"thumb": "http://i4.peapod.com/c/KK/KKNHZ.gif", "price": "299", "unit_price": "$.02/ oz", "name": "Stop & Shop Root Beer Diet - 12 pk", "cnid": "488", "productId": "149531", "size": "12 oz can"},
{"thumb": "http://i4.peapod.com/c/KK/KKNHZ.gif", "price": "100", "unit_price": "$.01/ oz", "name": "Sunkist Orange Soda", "cnid": "488", "productId": "6546", "size": "2 ltr btl"},
{"thumb": "http://i4.peapod.com/c/KK/KKNHZ.gif", "price": "569", "unit_price": "$.04/ oz", "name": "Sunkist Orange Soda - 12 pk", "cnid": "488", "productId": "6545", "size": "12 oz can"},
{"thumb": "http://i4.peapod.com/c/KK/KKNHZ.gif", "price": "100", "unit_price": "$.01/ oz", "name": "Sunkist Orange Soda Diet", "cnid": "488", "productId": "6547", "size": "2 ltr btl"},
{"thumb": "http://i4.peapod.com/c/KK/KKNHZ.gif", "price": "569", "unit_price": "$.04/ oz", "name": "Sunkist Orange Soda Diet - 12 pk", "cnid": "488", "productId": "138080", "size": "12 oz can"},
{"thumb": "http://i4.peapod.com/c/KK/KKNHZ.gif", "price": "399", "unit_price": "$.05/ oz", "name": "Tab - 6 pk", "cnid": "488", "productId": "14264", "size": "12 oz can"},
{"thumb": "http://i4.peapod.com/c/KK/KKNHZ.gif", "price": "99", "unit_price": "$.01/ oz", "name": "Waist Watcher Citrus Frost Soda Diet", "cnid": "488", "productId": "161975", "size": "2 ltr btl"},
{"thumb": "http://i4.peapod.com/c/KK/KKNHZ.gif", "price": "99", "unit_price": "$.01/ oz", "name": "Waist Watcher Ginger Ale Diet", "cnid": "488", "productId": "159553", "size": "2 ltr btl"},
{"thumb": "http://i4.peapod.com/c/KK/KKNHZ.gif", "price": "99", "unit_price": "$.01/ oz", "name": "Waist Watcher Orange Soda Diet", "cnid": "488", "productId": "159551", "size": "2 ltr btl"},
{"thumb": "http://i4.peapod.com/c/KK/KKNHZ.gif", "price": "99", "unit_price": "$.01/ oz", "name": "Waist Watcher Root Beer Diet", "cnid": "488", "productId": "159552", "size": "2 ltr btl"},
{"thumb": "http://i4.peapod.com/c/KK/KKNHZ.gif", "price": "429", "unit_price": "$.07/ oz", "name": "Canada Dry Club Soda - 6 pk", "cnid": "484", "productId": "1241", "size": "10 oz btl"},
{"thumb": "http://i4.peapod.com/c/KK/KKNHZ.gif", "price": "159", "unit_price": "$.05/ oz", "name": "Canada Dry Tonic Water", "cnid": "484", "productId": "1252", "size": "1 ltr btl"},
{"thumb": "http://i4.peapod.com/c/KK/KKNHZ.gif", "price": "77", "unit_price": "$.02/ oz", "name": "Clear Splash Apricot Peach Sparkling Spring Water Sugar Free", "cnid": "484", "productId": "102384", "size": "1 ltr btl"},
{"thumb": "http://i4.peapod.com/c/KK/KKNHZ.gif", "price": "77", "unit_price": "$.02/ oz", "name": "Clear Splash Blackberry Apple Sparkling Spring Water Sugar Free", "cnid": "484", "productId": "102383", "size": "1 ltr btl"},
{"thumb": "http://i4.peapod.com/c/KK/KKNHZ.gif", "price": "77", "unit_price": "$.02/ oz", "name": "Clear Splash Cranberry Raspberry Sparkling Spring Water Sugar Free", "cnid": "484", "productId": "102385", "size": "1 ltr btl"},
{"thumb": "http://i4.peapod.com/c/KK/KKNHZ.gif", "price": "77", "unit_price": "$.02/ oz", "name": "Clear Splash Key Lime Sparkling Spring Water Sugar Free", "cnid": "484", "productId": "102392", "size": "1 ltr btl"},
{"thumb": "http://i4.peapod.com/c/KK/KKNHZ.gif", "price": "77", "unit_price": "$.02/ oz", "name": "Clear Splash Kiwi Strawberry Sparkling Spring Water Sugar Free", "cnid": "484", "productId": "102388", "size": "1 ltr btl"},
{"thumb": "http://i4.peapod.com/c/KK/KKNHZ.gif", "price": "100", "unit_price": "$.03/ oz", "name": "Clear Splash Mandarin Orange Sparkling Spring Water Sugar Free", "cnid": "484", "productId": "154042", "size": "1 ltr btl"},
{"thumb": "http://i4.peapod.com/c/KK/KKNHZ.gif", "price": "77", "unit_price": "$.02/ oz", "name": "Clear Splash Raspberry Blackberry Sparkling Spring Water Sugar Free", "cnid": "484", "productId": "102386", "size": "1 ltr btl"},
{"thumb": "http://i4.peapod.com/c/KK/KKNHZ.gif", "price": "77", "unit_price": "$.02/ oz", "name": "Clear Splash White Grape Sparkling Spring Water Sugar Free", "cnid": "484", "productId": "102387", "size": "1 ltr btl"},
{"thumb": "http://i4.peapod.com/c/KK/KKNHZ.gif", "price": "77", "unit_price": "$.02/ oz", "name": "Clear Splash Wild Cherry Sparkling Spring Water Sugar Free", "cnid": "484", "productId": "102391", "size": "1 ltr btl"},
{"thumb": "http://i4.peapod.com/c/KK/KKNHZ.gif", "price": "1999", "unit_price": "$.05/ oz", "name": "Perrier Sparkling Mineral Water - 24 pk", "cnid": "484", "productId": "158649", "size": "16.9 oz btl"},
{"thumb": "http://i4.peapod.com/c/KK/KKNHZ.gif", "price": "100", "unit_price": "$.03/ oz", "name": "Poland Spring Lemon Sparkling Water", "cnid": "484", "productId": "16200", "size": "1 ltr btl"},
{"thumb": "http://i4.peapod.com/c/KK/KKNHZ.gif", "price": "329", "unit_price": "$.03/ oz", "name": "Poland Spring Lemon Sparkling Water - 6 pk", "cnid": "484", "productId": "128291", "size": "16.9 oz btl"},
{"thumb": "http://i4.peapod.com/c/KK/KKNHZ.gif", "price": "100", "unit_price": "$.03/ oz", "name": "Poland Spring Lime Sparkling Water", "cnid": "484", "productId": "16201", "size": "1 ltr btl"},
{"thumb": "http://i4.peapod.com/c/KK/KKNHZ.gif", "price": "329", "unit_price": "$.03/ oz", "name": "Poland Spring Lime Sparkling Water - 6 pk", "cnid": "484", "productId": "128295", "size": "16.9 oz btl"},
{"thumb": "http://i4.peapod.com/c/KK/KKNHZ.gif", "price": "100", "unit_price": "$.03/ oz", "name": "Poland Spring Orange Sparkling Water", "cnid": "484", "productId": "24153", "size": "1 ltr btl"},
{"thumb": "http://i4.peapod.com/c/KK/KKNHZ.gif", "price": "329", "unit_price": "$.03/ oz", "name": "Poland Spring Orange Sparkling Water - 6 pk", "cnid": "484", "productId": "128293", "size": "16.9 oz btl"},
{"thumb": "http://i4.peapod.com/c/KK/KKNHZ.gif", "price": "100", "unit_price": "$.03/ oz", "name": "Poland Spring Raspberry Lime Sparkling Water", "cnid": "484", "productId": "63109", "size": "1 ltr btl"},
{"thumb": "http://i4.peapod.com/c/KK/KKNHZ.gif", "price": "329", "unit_price": "$.03/ oz", "name": "Poland Spring Raspberry Lime Sparkling Water - 6 pk", "cnid": "484", "productId": "128294", "size": "16.9 oz btl"},
{"thumb": "http://i4.peapod.com/c/KK/KKNHZ.gif", "price": "100", "unit_price": "$.03/ oz", "name": "Poland Spring Sparkling Water", "cnid": "484", "productId": "16199", "size": "1 ltr btl"},
{"thumb": "http://i4.peapod.com/c/KK/KKNHZ.gif", "price": "329", "unit_price": "$.03/ oz", "name": "Poland Spring Sparkling Water - 6 pk", "cnid": "484", "productId": "128292", "size": "16.9 oz btl"},
{"thumb": "http://i4.peapod.com/c/KK/KKNHZ.gif", "price": "109", "unit_price": "$.03/ oz", "name": "Polar Black Cherry Seltzer Water", "cnid": "484", "productId": "127589", "size": "1 ltr btl"},
{"thumb": "http://i4.peapod.com/c/KK/KKNHZ.gif", "price": "109", "unit_price": "$.03/ oz", "name": "Polar Club Soda", "cnid": "484", "productId": "37332", "size": "1 ltr btl"},
{"thumb": "http://i4.peapod.com/c/KK/KKNHZ.gif", "price": "109", "unit_price": "$.03/ oz", "name": "Polar Cranberry Lime Seltzer Water", "cnid": "484", "productId": "37368", "size": "1 ltr btl"},
{"thumb": "http://i4.peapod.com/c/KK/KKNHZ.gif", "price": "499", "unit_price": "$.04/ oz", "name": "Polar Cranberry Lime Seltzer Water - 12 pk", "cnid": "484", "productId": "37374", "size": "12 oz can"},
{"thumb": "http://i4.peapod.com/c/KK/KKNHZ.gif", "price": "149", "unit_price": "$.02/ oz", "name": "Polar Lemon Seltzer Water", "cnid": "484", "productId": "157929", "size": "2 ltr btl"},
{"thumb": "http://i4.peapod.com/c/KK/KKNHZ.gif", "price": "109", "unit_price": "$.03/ oz", "name": "Polar Lemon Seltzer Water", "cnid": "484", "productId": "37367", "size": "1 ltr btl"},
{"thumb": "http://i4.peapod.com/c/KK/KKNHZ.gif", "price": "499", "unit_price": "$.04/ oz", "name": "Polar Lemon Seltzer Water - 12 pk", "cnid": "484", "productId": "37373", "size": "12 oz can"},
{"thumb": "http://i4.peapod.com/c/KK/KKNHZ.gif", "price": "109", "unit_price": "$.03/ oz", "name": "Polar Lime Seltzer Water", "cnid": "484", "productId": "57473", "size": "1 ltr btl"},
{"thumb": "http://i4.peapod.com/c/KK/KKNHZ.gif", "price": "499", "unit_price": "$.04/ oz", "name": "Polar Lime Seltzer Water - 12 pk", "cnid": "484", "productId": "123529", "size": "12 oz can"},
{"thumb": "http://i4.peapod.com/c/KK/KKNHZ.gif", "price": "109", "unit_price": "$.03/ oz", "name": "Polar Lime Tonic Water", "cnid": "484", "productId": "37325", "size": "1 ltr btl"},
{"thumb": "http://i4.peapod.com/c/KK/KKNHZ.gif", "price": "109", "unit_price": "$.03/ oz", "name": "Polar Mandarin Seltzer Water", "cnid": "484", "productId": "37369", "size": "1 ltr btl"},
{"thumb": "http://i4.peapod.com/c/KK/KKNHZ.gif", "price": "149", "unit_price": "$.02/ oz", "name": "Polar Plain Seltzer Water", "cnid": "484", "productId": "37365", "size": "2 ltr btl"},
{"thumb": "http://i4.peapod.com/c/KK/KKNHZ.gif", "price": "109", "unit_price": "$.03/ oz", "name": "Polar Plain Seltzer Water", "cnid": "484", "productId": "37366", "size": "1 ltr btl"},
{"thumb": "http://i4.peapod.com/c/KK/KKNHZ.gif", "price": "499", "unit_price": "$.04/ oz", "name": "Polar Plain Seltzer Water - 12 pk", "cnid": "484", "productId": "37375", "size": "12 oz can"},
{"thumb": "http://i4.peapod.com/c/KK/KKNHZ.gif", "price": "109", "unit_price": "$.03/ oz", "name": "Polar Pomegranate Seltzer Water", "cnid": "484", "productId": "145030", "size": "1 ltr btl"},
{"thumb": "http://i4.peapod.com/c/KK/KKNHZ.gif", "price": "149", "unit_price": "$.02/ oz", "name": "Polar Raspberry Lime Seltzer Water", "cnid": "484", "productId": "183564", "size": "2 ltr btl"},
{"thumb": "http://i4.peapod.com/c/KK/KKNHZ.gif", "price": "109", "unit_price": "$.03/ oz", "name": "Polar Raspberry Lime Seltzer Water", "cnid": "484", "productId": "57471", "size": "1 ltr btl"},
{"thumb": "http://i4.peapod.com/c/KK/KKNHZ.gif", "price": "109", "unit_price": "$.03/ oz", "name": "Polar Tonic Water", "cnid": "484", "productId": "157922", "size": "1 ltr btl"},
{"thumb": "http://i4.peapod.com/c/KK/KKNHZ.gif", "price": "109", "unit_price": "$.03/ oz", "name": "Polar Tonic Water Diet", "cnid": "484", "productId": "37328", "size": "1 ltr btl"},
{"thumb": "http://i4.peapod.com/c/KK/KKNHZ.gif", "price": "109", "unit_price": "$.03/ oz", "name": "Polar Vanilla Seltzer Water", "cnid": "484", "productId": "161978", "size": "1 ltr btl"},
{"thumb": "http://i4.peapod.com/c/KK/KKNHZ.gif", "price": "150", "unit_price": "$.04/ oz", "name": "Schweppes Club Soda", "cnid": "484", "productId": "1212", "size": "1 ltr btl"},
{"thumb": "http://i4.peapod.com/c/KK/KKNHZ.gif", "price": "479", "unit_price": "$.08/ oz", "name": "Schweppes Club Soda - 6 pk", "cnid": "484", "productId": "1228", "size": "10 oz btl"},
{"thumb": "http://i4.peapod.com/c/KK/KKNHZ.gif", "price": "150", "unit_price": "$.04/ oz", "name": "Schweppes Tonic Water", "cnid": "484", "productId": "1209", "size": "1 ltr btl"},
{"thumb": "http://i4.peapod.com/c/KK/KKNHZ.gif", "price": "479", "unit_price": "$.08/ oz", "name": "Schweppes Tonic Water - 6 pk", "cnid": "484", "productId": "1214", "size": "10 oz btl"},
{"thumb": "http://i4.peapod.com/c/KK/KKNHZ.gif", "price": "150", "unit_price": "$.04/ oz", "name": "Schweppes Tonic Water Diet", "cnid": "484", "productId": "1213", "size": "1 ltr btl"},
{"thumb": "http://i4.peapod.com/c/KK/KKNHZ.gif", "price": "100", "unit_price": "$.06/ oz", "name": "Sparkling ICE Black Raspberry Sparkling Spring Water Zero Calories", "cnid": "484", "productId": "186584", "size": "17 oz btl"},
{"thumb": "http://i4.peapod.com/c/KK/KKNHZ.gif", "price": "100", "unit_price": "$.06/ oz", "name": "Sparkling ICE Kiwi Strawberry Sparkling Spring Water Zero Calories", "cnid": "484", "productId": "186599", "size": "17 oz btl"},
{"thumb": "http://i4.peapod.com/c/KK/KKNHZ.gif", "price": "100", "unit_price": "$.06/ oz", "name": "Sparkling ICE Orange Mango Sparkling Spring Water Zero Calories", "cnid": "484", "productId": "186598", "size": "17 oz btl"},
{"thumb": "http://i4.peapod.com/c/KK/KKNHZ.gif", "price": "100", "unit_price": "$.06/ oz", "name": "Sparkling ICE Pink Grapefruit Sparkling Spring Water Zero Calories", "cnid": "484", "productId": "186600", "size": "17 oz btl"},
{"thumb": "http://i4.peapod.com/c/KK/KKNHZ.gif", "price": "50", "unit_price": "$.01/ oz", "name": "Stop & Shop Black Cherry Seltzer Water", "cnid": "484", "productId": "159312", "size": "1 ltr btl"},
{"thumb": "http://i4.peapod.com/c/KK/KKNHZ.gif", "price": "77", "unit_price": "$.01/ oz", "name": "Stop & Shop Club Soda", "cnid": "484", "productId": "160293", "size": "2 ltr btl"},
{"thumb": "http://i4.peapod.com/c/KK/KKNHZ.gif", "price": "50", "unit_price": "$.01/ oz", "name": "Stop & Shop Cranberry Lime Seltzer Water", "cnid": "484", "productId": "159311", "size": "1 ltr btl"},
{"thumb": "http://i4.peapod.com/c/KK/KKNHZ.gif", "price": "50", "unit_price": "$.01/ oz", "name": "Stop & Shop Lemon Lime Seltzer Water", "cnid": "484", "productId": "159315", "size": "1 ltr btl"},
{"thumb": "http://i4.peapod.com/c/KK/KKNHZ.gif", "price": "77", "unit_price": "$.01/ oz", "name": "Stop & Shop Lemon Lime Seltzer Water", "cnid": "484", "productId": "159317", "size": "2 ltr btl"},
{"thumb": "http://i4.peapod.com/c/KK/KKNHZ.gif", "price": "299", "unit_price": "$.02/ oz", "name": "Stop & Shop Lemon Lime Seltzer Water - 12 pk", "cnid": "484", "productId": "157827", "size": "12 oz can"},
{"thumb": "http://i4.peapod.com/c/KK/KKNHZ.gif", "price": "50", "unit_price": "$.01/ oz", "name": "Stop & Shop Lemon Seltzer Water", "cnid": "484", "productId": "159319", "size": "1 ltr btl"},
{"thumb": "http://i4.peapod.com/c/KK/KKNHZ.gif", "price": "299", "unit_price": "$.02/ oz", "name": "Stop & Shop Lemon Seltzer Water - 12 pk", "cnid": "484", "productId": "186890", "size": "12 oz can"},
{"thumb": "http://i4.peapod.com/c/KK/KKNHZ.gif", "price": "50", "unit_price": "$.01/ oz", "name": "Stop & Shop Lime Seltzer Water", "cnid": "484", "productId": "159318", "size": "1 ltr btl"},
{"thumb": "http://i4.peapod.com/c/KK/KKNHZ.gif", "price": "299", "unit_price": "$.02/ oz", "name": "Stop & Shop Lime Seltzer Water - 12 pk", "cnid": "484", "productId": "186891", "size": "12 oz can"},
{"thumb": "http://i4.peapod.com/c/KK/KKNHZ.gif", "price": "299", "unit_price": "$.02/ oz", "name": "Stop & Shop Mandarin Orange Seltzer Water - 12 pk", "cnid": "484", "productId": "157924", "size": "12 oz can"},
{"thumb": "http://i4.peapod.com/c/KK/KKNHZ.gif", "price": "50", "unit_price": "$.01/ oz", "name": "Stop & Shop Original Seltzer Water", "cnid": "484", "productId": "159322", "size": "1 ltr btl"},
{"thumb": "http://i4.peapod.com/c/KK/KKNHZ.gif", "price": "77", "unit_price": "$.01/ oz", "name": "Stop & Shop Original Seltzer Water", "cnid": "484", "productId": "159314", "size": "2 ltr btl"},
{"thumb": "http://i4.peapod.com/c/KK/KKNHZ.gif", "price": "50", "unit_price": "$.01/ oz", "name": "Stop & Shop Peaches & Cream Seltzer Water", "cnid": "484", "productId": "159316", "size": "1 ltr btl"},
{"thumb": "http://i4.peapod.com/c/KK/KKNHZ.gif", "price": "50", "unit_price": "$.01/ oz", "name": "Stop & Shop Raspberry Lime Seltzer Water", "cnid": "484", "productId": "159321", "size": "1 ltr btl"},
{"thumb": "http://i4.peapod.com/c/KK/KKNHZ.gif", "price": "299", "unit_price": "$.02/ oz", "name": "Stop & Shop Raspberry Lime Seltzer Water - 12 pk", "cnid": "484", "productId": "157925", "size": "12 oz can"},
{"thumb": "http://i4.peapod.com/c/KK/KKNHZ.gif", "price": "299", "unit_price": "$.02/ oz", "name": "Stop & Shop Raspberry Seltzer Water - 12 pk", "cnid": "484", "productId": "159310", "size": "12 oz can"},
{"thumb": "http://i4.peapod.com/c/KK/KKNHZ.gif", "price": "299", "unit_price": "$.02/ oz", "name": "Stop & Shop Seltzer Water Original - 12 pk", "cnid": "484", "productId": "159313", "size": "12 oz can"},
{"thumb": "http://i4.peapod.com/c/KK/KKNHZ.gif", "price": "77", "unit_price": "$.01/ oz", "name": "Stop & Shop Tonic Water", "cnid": "484", "productId": "162440", "size": "2 ltr btl"},
{"thumb": "http://i4.peapod.com/c/KK/KKNHZ.gif", "price": "50", "unit_price": "$.01/ oz", "name": "Stop & Shop Wild Berry Seltzer Water", "cnid": "484", "productId": "159320", "size": "1 ltr btl"},
{"thumb": "http://i4.peapod.com/c/KK/KKNHZ.gif", "price": "749", "unit_price": "$.14/ oz", "name": "4C Antioxidant Green Iced Tea Mix with Sugar, Honey & Lemon", "cnid": "472", "productId": "130355", "size": "53 oz can"},
{"thumb": "http://i4.peapod.com/c/KK/KKNHZ.gif", "price": "749", "unit_price": "$.10/ oz", "name": "4C Iced Tea Mix with Lemon - Makes 28 Quarts", "cnid": "472", "productId": "81150", "size": "74.2 oz can"},
{"thumb": "http://i4.peapod.com/c/KK/KKNHZ.gif", "price": "549", "unit_price": "$1.10/ oz", "name": "4C Totally Light 2 Go Energy Rush Variety Pack Drink Mix - 14 ct", "cnid": "472", "productId": "158650", "size": "4.98 oz pkg"},
{"thumb": "http://i4.peapod.com/c/KK/KKNHZ.gif", "price": "549", "unit_price": "$3.89/ oz", "name": "4C Totally Light 2 Go Fruit Punch Drink Mix Sugar Free - 20 ct", "cnid": "472", "productId": "158651", "size": "1.41 oz box"},
{"thumb": "http://i4.peapod.com/c/KK/KKNHZ.gif", "price": "549", "unit_price": "$1.81/ oz", "name": "4C Totally Light 2 Go Lemonade Drink Mix Sugar Free - 20 ct", "cnid": "472", "productId": "156482", "size": "3.04 oz box"},
{"thumb": "http://i4.peapod.com/c/KK/KKNHZ.gif", "price": "549", "unit_price": "$2.32/ oz", "name": "4C Totally Light 2 Go Vitamin Variety Pack Drink Mix Sugar Free - 20 ct", "cnid": "472", "productId": "158652", "size": "2.37 oz box"},
{"thumb": "http://i4.peapod.com/c/KK/KKNHZ.gif", "price": "549", "unit_price": "$2.79/ oz", "name": "4C Totally Light Half & Half Iced Tea Lemonade Mix - Makes 14 Quarts", "cnid": "472", "productId": "167276", "size": "1.97 oz can"},
{"thumb": "http://i4.peapod.com/c/KK/KKNHZ.gif", "price": "379", "unit_price": "$3.16/ oz", "name": "AriZona Arnold Palmer Half & Half Iced Tea & Lemonade Stix - 10 ct", "cnid": "472", "productId": "159642", "size": "1.2 oz pkg"},
{"thumb": "http://i4.peapod.com/c/KK/KKNHZ.gif", "price": "99", "unit_price": "$.50/ oz", "name": "Concord Foods Banana Smoothie Mix", "cnid": "472", "productId": "159115", "size": "2 oz pkg"},
{"thumb": "http://i4.peapod.com/c/KK/KKNHZ.gif", "price": "379", "unit_price": "$.20/ oz", "name": "Country Time Lemonade Drink Mix - Makes 8 Quarts", "cnid": "472", "productId": "6058", "size": "19 oz can"},
{"thumb": "http://i4.peapod.com/c/KK/KKNHZ.gif", "price": "250", "unit_price": "$1.39/ oz", "name": "Crystal Light Energy On The Go Wild Strawberry Drink Mix w/Caffeine 10 ct", "cnid": "472", "productId": "159000", "size": "1.8 oz pkg"},
{"thumb": "http://i4.peapod.com/c/KK/KKNHZ.gif", "price": "250", "unit_price": "$2.50/ oz", "name": "Crystal Light Lemon Iced Tea Drink Mix Decaffeinated - Makes 8 Quarts", "cnid": "472", "productId": "21368", "size": "1 oz can"},
{"thumb": "http://i4.peapod.com/c/KK/KKNHZ.gif", "price": "350", "unit_price": "$1.09/ oz", "name": "Crystal Light Natural Lemonade Drink Mix - Makes 12 Quarts", "cnid": "472", "productId": "6056", "size": "3.2 oz can"},
{"thumb": "http://i4.peapod.com/c/KK/KKNHZ.gif", "price": "350", "unit_price": "$2.50/ oz", "name": "Crystal Light Natural Lemon Iced Tea Drink Mix - Makes 12 Quarts", "cnid": "472", "productId": "6055", "size": "1.4 oz can"},
{"thumb": "http://i4.peapod.com/c/KK/KKNHZ.gif", "price": "250", "unit_price": "$2.78/ oz", "name": "Crystal Light On The Go Fruit Punch Drink Mix - 10 ct", "cnid": "472", "productId": "140713", "size": ".9 oz pkg"},
{"thumb": "http://i4.peapod.com/c/KK/KKNHZ.gif", "price": "250", "unit_price": "$3.57/ oz", "name": "Crystal Light On The Go Lemon Iced Tea Drink Mix Natural - 10 ct", "cnid": "472", "productId": "136701", "size": ".7 oz pkg"},
{"thumb": "http://i4.peapod.com/c/KK/KKNHZ.gif", "price": "250", "unit_price": "$4.17/ oz", "name": "Crystal Light On The Go Raspberry Ice Drink Mix - 10 ct", "cnid": "472", "productId": "136702", "size": ".6 oz pkg"},
{"thumb": "http://i4.peapod.com/c/KK/KKNHZ.gif", "price": "250", "unit_price": "$3.12/ oz", "name": "Crystal Light On The Go Raspberry Lemonade Drink Mix - 10 ct", "cnid": "472", "productId": "143207", "size": ".8 oz pkg"},
{"thumb": "http://i4.peapod.com/c/KK/KKNHZ.gif", "price": "250", "unit_price": "$2.50/ oz", "name": "Crystal Light Peach Iced Tea Drink Mix - Makes 8 Quarts", "cnid": "472", "productId": "73002", "size": "1 oz can"},
{"thumb": "http://i4.peapod.com/c/KK/KKNHZ.gif", "price": "350", "unit_price": "$1.21/ oz", "name": "Crystal Light Pink Lemonade Drink Mix - Makes 12 Quarts", "cnid": "472", "productId": "49395", "size": "2.9 oz can"},
{"thumb": "http://i4.peapod.com/c/KK/KKNHZ.gif", "price": "250", "unit_price": "$1.32/ oz", "name": "Crystal Light Pink Lemonade Drink Mix - Makes 8 Quarts", "cnid": "472", "productId": "47793", "size": "1.9 oz can"},
{"thumb": "http://i4.peapod.com/c/KK/KKNHZ.gif", "price": "250", "unit_price": "$2.08/ oz", "name": "Crystal Light Raspberry Lemonade Drink Mix - Makes 8 Quarts", "cnid": "472", "productId": "131013", "size": "1.2 oz can"},
{"thumb": "http://i4.peapod.com/c/KK/KKNHZ.gif", "price": "350", "unit_price": "$1.46/ oz", "name": "Crystal Light Strawberry Orange Banana Drink Mix - Makes 12 Quarts", "cnid": "472", "productId": "42111", "size": "2.4 oz can"},
{"thumb": "http://i4.peapod.com/c/KK/KKNHZ.gif", "price": "379", "unit_price": "$.20/ oz", "name": "Kool-Aid Cherry Drink Mix Sugar Sweetened - Makes 8 Quarts", "cnid": "472", "productId": "30612", "size": "19 oz can"},
{"thumb": "http://i4.peapod.com/c/KK/KKNHZ.gif", "price": "379", "unit_price": "$.20/ oz", "name": "Kool-Aid Tropical Punch Drink Mix Sugar Sweetened - Makes 8 Quarts", "cnid": "472", "productId": "6062", "size": "19 oz can"},
{"thumb": "http://i4.peapod.com/c/KK/KKNHZ.gif", "price": "599", "unit_price": "$1.01/ oz", "name": "Lipton Lemon Iced Tea Mix Diet - Makes 20 Quarts", "cnid": "472", "productId": "126988", "size": "5.9 oz jar"},
{"thumb": "http://i4.peapod.com/c/KK/KKNHZ.gif", "price": "99", "unit_price": "$.04/ oz", "name": "Lipton Lemon Iced Tea Mix Sugar Sweetened Decaffeinated - Makes 10 Quarts", "cnid": "472", "productId": "73077", "size": "26.5 oz can"},
{"thumb": "http://i4.peapod.com/c/KK/KKNHZ.gif", "price": "399", "unit_price": "$.15/ oz", "name": "Lipton Natural Lemon Flavor Iced Tea Mix Sugar Sweetened - Makes 10 Quarts", "cnid": "472", "productId": "4149", "size": "26.5 oz can"},
{"thumb": "http://i4.peapod.com/c/KK/KKNHZ.gif", "price": "649", "unit_price": "$.09/ oz", "name": "Lipton Natural Lemon Flavor Iced Tea Mix Sugar Sweetened - Makes 28 Quarts", "cnid": "472", "productId": "126696", "size": "74.2 oz can"},
{"thumb": "http://i4.peapod.com/c/KK/KKNHZ.gif", "price": "399", "unit_price": "$2.85/ oz", "name": "Lipton Tea & Honey Blackberry Pomegranate Iced Green Tea Mix To Go - 10 ct", "cnid": "472", "productId": "186141", "size": "1.4 oz box"},
{"thumb": "http://i4.peapod.com/c/KK/KKNHZ.gif", "price": "179", "unit_price": "$.18/ ea", "name": "Stop & Shop Flavor To Go Drink Mix Singles Iced Tea Sugar Free", "cnid": "472", "productId": "173737", "size": "10 ct pkg"},
{"thumb": "http://i4.peapod.com/c/KK/KKNHZ.gif", "price": "179", "unit_price": "$1.28/ oz", "name": "Stop & Shop Flavor To Go Lemonade Drink Mix Sugar Free - 10 ct", "cnid": "472", "productId": "143195", "size": "1.4 oz box"},
{"thumb": "http://i4.peapod.com/c/KK/KKNHZ.gif", "price": "167", "unit_price": "$1.19/ oz", "name": "Stop & Shop Iced Tea Mix Sugar Free - Makes 12 Quarts", "cnid": "472", "productId": "56697", "size": "1.4 oz can"},
{"thumb": "http://i4.peapod.com/c/KK/KKNHZ.gif", "price": "167", "unit_price": "$.52/ oz", "name": "Stop & Shop Lemonade Drink Mix Sugar Free - Makes 8 Quarts", "cnid": "472", "productId": "56700", "size": "3.18 oz can"},
{"thumb": "http://i4.peapod.com/c/KK/KKNHZ.gif", "price": "569", "unit_price": "$.08/ oz", "name": "Stop & Shop Lemon Flavor Iced Tea Drink Mix with Sugar - Makes 28 Quarts", "cnid": "472", "productId": "118809", "size": "74.2 oz can"},
{"thumb": "http://i4.peapod.com/c/KK/KKNHZ.gif", "price": "500", "unit_price": "$.11/ oz", "name": "Atkins Advantage Dark Chocolate Royale Shake RTD - 4 pk", "cnid": "466", "productId": "132642", "size": "11 oz ctn"},
{"thumb": "http://i4.peapod.com/c/KK/KKNHZ.gif", "price": "500", "unit_price": "$.11/ oz", "name": "Atkins Advantage French Vanilla Shake RTD - 4 pk", "cnid": "466", "productId": "130342", "size": "11 oz ctn"},
{"thumb": "http://i4.peapod.com/c/KK/KKNHZ.gif", "price": "500", "unit_price": "$.11/ oz", "name": "Atkins Advantage Milk Chocolate Delight Shake RTD - 4 pk", "cnid": "466", "productId": "130340", "size": "11 oz ctn"},
{"thumb": "http://i4.peapod.com/c/KK/KKNHZ.gif", "price": "500", "unit_price": "$.11/ oz", "name": "Atkins Advantage Strawberry Shake RTD - 4 pk", "cnid": "466", "productId": "130341", "size": "11 oz ctn"},
{"thumb": "http://i4.peapod.com/c/KK/KKNHZ.gif", "price": "500", "unit_price": "$.11/ oz", "name": "Atkins Day Break Creamy Chocolate Shake RTD - 4 pk", "cnid": "466", "productId": "167526", "size": "11 oz ctn"},
{"thumb": "http://i4.peapod.com/c/KK/KKNHZ.gif", "price": "449", "unit_price": "$.14/ oz", "name": "Bolthouse Farms Protein Plus Chocolate Protein Shake Fresh", "cnid": "466", "productId": "157496", "size": "32 oz btl"},
{"thumb": "http://i4.peapod.com/c/KK/KKNHZ.gif", "price": "250", "unit_price": "$.16/ oz", "name": "Bolthouse Farms Protein Plus Chocolate Shake Fresh", "cnid": "466", "productId": "159436", "size": "15.2 oz btl"},
{"thumb": "http://i4.peapod.com/c/KK/KKNHZ.gif", "price": "939", "unit_price": "$.20/ oz", "name": "Boost Chocolate Nutritional Energy Drink - 6 pk", "cnid": "466", "productId": "45254", "size": "8 oz btl"},
{"thumb": "http://i4.peapod.com/c/KK/KKNHZ.gif", "price": "969", "unit_price": "$.20/ oz", "name": "Boost High Protein Chocolate Nutritional Energy Drink - 6 pk", "cnid": "466", "productId": "112740", "size": "8 oz btl"},
{"thumb": "http://i4.peapod.com/c/KK/KKNHZ.gif", "price": "969", "unit_price": "$.20/ oz", "name": "Boost High Protein Strawberry Nutritional Energy Drink - 6 pk", "cnid": "466", "productId": "118432", "size": "8 oz btl"},
{"thumb": "http://i4.peapod.com/c/KK/KKNHZ.gif", "price": "969", "unit_price": "$.20/ oz", "name": "Boost High Protein Vanilla Nutritional Energy Drink - 6 pk", "cnid": "466", "productId": "112787", "size": "8 oz btl"},
{"thumb": "http://i4.peapod.com/c/KK/KKNHZ.gif", "price": "1099", "unit_price": "$.23/ oz", "name": "Boost Plus Chocolate Nutritional Energy Drink - 6 pk", "cnid": "466", "productId": "151026", "size": "8 oz btl"},
{"thumb": "http://i4.peapod.com/c/KK/KKNHZ.gif", "price": "939", "unit_price": "$.20/ oz", "name": "Boost Vanilla Nutritional Energy Drink - 6 pk", "cnid": "466", "productId": "45253", "size": "8 oz btl"},
{"thumb": "http://i4.peapod.com/c/KK/KKNHZ.gif", "price": "599", "unit_price": "$.12/ oz", "name": "CareOne Vanilla Nutritional Drink - 6 pk", "cnid": "466", "productId": "156745", "size": "8 oz btl"},
{"thumb": "http://i4.peapod.com/c/KK/KKNHZ.gif", "price": "749", "unit_price": "$.17/ oz", "name": "Carnation Instant Breakfast Essentials Classic French Vanilla Drink - 4 pk", "cnid": "466", "productId": "157323", "size": "11 oz btl"},
{"thumb": "http://i4.peapod.com/c/KK/KKNHZ.gif", "price": "599", "unit_price": "$.47/ oz", "name": "Carnation Instant Breakfast Essentials French Vanilla Drink Mix - 10 ct", "cnid": "466", "productId": "6981", "size": "12.6 oz box"},
{"thumb": "http://i4.peapod.com/c/KK/KKNHZ.gif", "price": "749", "unit_price": "$.17/ oz", "name": "Carnation Instant Breakfast Essentials Rich Milk Chocolate Drink - 4 pk", "cnid": "466", "productId": "127481", "size": "11 oz btl"},
{"thumb": "http://i4.peapod.com/c/KK/KKNHZ.gif", "price": "749", "unit_price": "$.17/ oz", "name": "Carnation Instant Breakfast Milk Chocolate Drink No Sugar Added - 4 ct", "cnid": "466", "productId": "157294", "size": "11 oz btl"},
{"thumb": "http://i4.peapod.com/c/KK/KKNHZ.gif", "price": "569", "unit_price": "$.13/ oz", "name": "EAS AdvantEdge French Vanilla Shake Carb Control RTD - 4 pk", "cnid": "466", "productId": "133341", "size": "11 oz ctn"},
{"thumb": "http://i4.peapod.com/c/KK/KKNHZ.gif", "price": "869", "unit_price": "$.18/ oz", "name": "Ensure Creamy Milk Chocolate Nutrition Shake - 6 pk", "cnid": "466", "productId": "20860", "size": "8 oz btl"},
{"thumb": "http://i4.peapod.com/c/KK/KKNHZ.gif", "price": "869", "unit_price": "$.18/ oz", "name": "Ensure Homemade Vanilla Nutrition Shake - 6 pk", "cnid": "466", "productId": "7888", "size": "8 oz btl"},
{"thumb": "http://i4.peapod.com/c/KK/KKNHZ.gif", "price": "799", "unit_price": "$.25/ oz", "name": "Ensure Muscle Health Creamy Milk Chocolate Shake Revigor - 4 pk", "cnid": "466", "productId": "161273", "size": "8 oz btl"},
{"thumb": "http://i4.peapod.com/c/KK/KKNHZ.gif", "price": "1099", "unit_price": "$.23/ oz", "name": "Ensure Plus Creamy Milk Chocolate Shake - 6 pk", "cnid": "466", "productId": "24018", "size": "8 oz btl"},
{"thumb": "http://i4.peapod.com/c/KK/KKNHZ.gif", "price": "1099", "unit_price": "$.23/ oz", "name": "Ensure Plus Homemade Vanilla Nutrition Shake - 6 pk", "cnid": "466", "productId": "20855", "size": "8 oz btl"},
{"thumb": "http://i4.peapod.com/c/KK/KKNHZ.gif", "price": "1099", "unit_price": "$.23/ oz", "name": "Ensure Plus Strawberries & Cream Shake - 6 pk", "cnid": "466", "productId": "18158", "size": "8 oz btl"},
{"thumb": "http://i4.peapod.com/c/KK/KKNHZ.gif", "price": "869", "unit_price": "$.18/ oz", "name": "Ensure Strawberry Nutrition Shake - 6 pk", "cnid": "466", "productId": "20859", "size": "8 oz btl"},
{"thumb": "http://i4.peapod.com/c/KK/KKNHZ.gif", "price": "699", "unit_price": "$.21/ oz", "name": "Evolve Chocolate Flavored Protein Shake RTD - 4 pk", "cnid": "466", "productId": "155422", "size": "8.25 oz ctn"},
{"thumb": "http://i4.peapod.com/c/KK/KKNHZ.gif", "price": "699", "unit_price": "$.21/ oz", "name": "Evolve Vanilla Creme Flavored Protein Shake RTD - 4 pk", "cnid": "466", "productId": "155423", "size": "8.25 oz ctn"},
{"thumb": "http://i4.peapod.com/c/KK/KKNHZ.gif", "price": "100", "unit_price": "$.06/ oz", "name": "FUZE Slenderize Pomegranate Acai Berry Beverage Low Calorie", "cnid": "466", "productId": "152610", "size": "16.9 oz btl"},
{"thumb": "http://i4.peapod.com/c/KK/KKNHZ.gif", "price": "100", "unit_price": "$.06/ oz", "name": "FUZE Slenderize Strawberry Melon Beverage Low Calorie", "cnid": "466", "productId": "141303", "size": "16.9 oz btl"},
{"thumb": "http://i4.peapod.com/c/KK/KKNHZ.gif", "price": "100", "unit_price": "$.06/ oz", "name": "FUZE Slenderize Tropical Punch Beverage Low Calorie", "cnid": "466", "productId": "141304", "size": "16.9 oz btl"},
{"thumb": "http://i4.peapod.com/c/KK/KKNHZ.gif", "price": "1099", "unit_price": "$.23/ oz", "name": "Glucerna Creamy Chocolate Delight Shake - 6 pk", "cnid": "466", "productId": "107296", "size": "8 oz btl"},
{"thumb": "http://i4.peapod.com/c/KK/KKNHZ.gif", "price": "1099", "unit_price": "$.23/ oz", "name": "Glucerna Creamy Strawberry Shake - 6 pk", "cnid": "466", "productId": "145875", "size": "8 oz btl"},
{"thumb": "http://i4.peapod.com/c/KK/KKNHZ.gif", "price": "699", "unit_price": "$.17/ oz", "name": "Kellogg's Special K French Vanilla Protein Shake - 4 pk", "cnid": "466", "productId": "155242", "size": "10 oz btl"},
{"thumb": "http://i4.peapod.com/c/KK/KKNHZ.gif", "price": "699", "unit_price": "$.17/ oz", "name": "Kellogg's Special K Milk Chocolate Protein Shake - 4 pk", "cnid": "466", "productId": "155240", "size": "10 oz btl"},
{"thumb": "http://i4.peapod.com/c/KK/KKNHZ.gif", "price": "699", "unit_price": "$.17/ oz", "name": "Kellogg's Special K Strawberry Protein Shake - 4 pk", "cnid": "466", "productId": "155241", "size": "10 oz btl"},
{"thumb": "http://i4.peapod.com/c/KK/KKNHZ.gif", "price": "799", "unit_price": "$.18/ oz", "name": "Muscle Milk Chocolate Nutritional Shake RTD - 4 pk", "cnid": "466", "productId": "155424", "size": "11 oz ctn"},
{"thumb": "http://i4.peapod.com/c/KK/KKNHZ.gif", "price": "799", "unit_price": "$.18/ oz", "name": "Muscle Milk Vanilla Creme Nutritional Shake RTD - 4 pk", "cnid": "466", "productId": "155425", "size": "11 oz ctn"},
{"thumb": "http://i4.peapod.com/c/KK/KKNHZ.gif", "price": "599", "unit_price": "$1.06/ oz", "name": "Nestle Carnation Instant Breakfast Rich Chocolate Drink Mix SF - 8 ct", "cnid": "466", "productId": "6982", "size": "5.64 oz box"},
{"thumb": "http://i4.peapod.com/c/KK/KKNHZ.gif", "price": "299", "unit_price": "$.25/ oz", "name": "Odwalla Superfood Berries GoMega Premium Fruit Smoothie Blend Fresh", "cnid": "466", "productId": "138374", "size": "12 oz btl"},
{"thumb": "http://i4.peapod.com/c/KK/KKNHZ.gif", "price": "299", "unit_price": "$.25/ oz", "name": "Odwalla Super Protein Original Protein Fruit Smoothie Blend Fresh", "cnid": "466", "productId": "122665", "size": "12 oz btl"},
{"thumb": "http://i4.peapod.com/c/KK/KKNHZ.gif", "price": "999", "unit_price": "$.21/ oz", "name": "PediaSure Chocolate Nutrition Shake - 6 pk", "cnid": "466", "productId": "49362", "size": "8 oz btl"},
{"thumb": "http://i4.peapod.com/c/KK/KKNHZ.gif", "price": "999", "unit_price": "$.21/ oz", "name": "PediaSure Strawberry Nutrition Shake - 6 pk", "cnid": "466", "productId": "49341", "size": "8 oz btl"},
{"thumb": "http://i4.peapod.com/c/KK/KKNHZ.gif", "price": "999", "unit_price": "$.21/ oz", "name": "PediaSure Vanilla Nutrition Shake - 6 pk", "cnid": "466", "productId": "49363", "size": "8 oz btl"},
{"thumb": "http://i4.peapod.com/c/KK/KKNHZ.gif", "price": "1179", "unit_price": "$.25/ oz", "name": "PediaSure Vanilla Nutrition Shake with Fiber - 6 pk", "cnid": "466", "productId": "146729", "size": "8 oz btl"},
{"thumb": "http://i4.peapod.com/c/KK/KKNHZ.gif", "price": "119", "unit_price": "$.10/ oz", "name": "Shamrock Farms Rockin' Refuel Protein Fortified Chocolate Milk Low Fat 1%", "cnid": "466", "productId": "190837", "size": "12 oz btl"},
{"thumb": "http://i4.peapod.com/c/KK/KKNHZ.gif", "price": "119", "unit_price": "$.10/ oz", "name": "Shamrock Farms Rockin' Refuel Protein Fortified Strawberry Milk Low Fat 1%", "cnid": "466", "productId": "190838", "size": "12 oz btl"},
{"thumb": "http://i4.peapod.com/c/KK/KKNHZ.gif", "price": "119", "unit_price": "$.10/ oz", "name": "Shamrock Farms Rockin' Refuel Protein Fortified Vanilla Milk Low Fat 1%", "cnid": "466", "productId": "190839", "size": "12 oz btl"},
{"thumb": "http://i4.peapod.com/c/KK/KKNHZ.gif", "price": "550", "unit_price": "$.14/ oz", "name": "Slim-Fast 3-2-1 Plan Cappuccino Delight Shake - 4 pk", "cnid": "466", "productId": "136531", "size": "10 oz btl"},
{"thumb": "http://i4.peapod.com/c/KK/KKNHZ.gif", "price": "899", "unit_price": "$.70/ oz", "name": "Slim-Fast 3-2-1 Plan Chocolate Royale Powder Shake Mix", "cnid": "466", "productId": "156777", "size": "12.8 oz can"},
{"thumb": "http://i4.peapod.com/c/KK/KKNHZ.gif", "price": "550", "unit_price": "$.14/ oz", "name": "Slim-Fast 3-2-1 Plan Creamy Milk Chocolate Shake - 4 pk", "cnid": "466", "productId": "136532", "size": "10 oz btl"},
{"thumb": "http://i4.peapod.com/c/KK/KKNHZ.gif", "price": "1199", "unit_price": "$.15/ oz", "name": "Slim-Fast 3-2-1 Plan Creamy Milk Chocolate Shake Meal-On-the-Go - 8 pk", "cnid": "466", "productId": "191904", "size": "80 oz pkg"},
{"thumb": "http://i4.peapod.com/c/KK/KKNHZ.gif", "price": "899", "unit_price": "$.70/ oz", "name": "Slim-Fast 3-2-1 Plan French Vanilla Powder Shake Mix", "cnid": "466", "productId": "10402", "size": "12.8 oz can"},
{"thumb": "http://i4.peapod.com/c/KK/KKNHZ.gif", "price": "550", "unit_price": "$.14/ oz", "name": "Slim-Fast 3-2-1 Plan French Vanilla Shake - 4 pk", "cnid": "466", "productId": "136533", "size": "10 oz btl"},
{"thumb": "http://i4.peapod.com/c/KK/KKNHZ.gif", "price": "899", "unit_price": "$.70/ oz", "name": "Slim-Fast 3-2-1 Plan Milk Chocolate Powder Shake Mix", "cnid": "466", "productId": "10405", "size": "12.8 oz can"},
{"thumb": "http://i4.peapod.com/c/KK/KKNHZ.gif", "price": "550", "unit_price": "$.14/ oz", "name": "Slim-Fast 3-2-1 Plan Strawberries N' Cream Shake - 4 pk", "cnid": "466", "productId": "136534", "size": "10 oz btl"},
{"thumb": "http://i4.peapod.com/c/KK/KKNHZ.gif", "price": "300", "unit_price": "$.06/ oz", "name": "Apple & Eve 100% Apple Juice Calcium Fortified No Sugar Added - 8 pk", "cnid": "393", "productId": "122638", "size": "6.75 oz box"},
{"thumb": "http://i4.peapod.com/c/KK/KKNHZ.gif", "price": "359", "unit_price": "$.06/ oz", "name": "Apple & Eve 100% Apple Juice Sesame Street Big Bird's", "cnid": "393", "productId": "136964", "size": "64 oz btl"},
{"thumb": "http://i4.peapod.com/c/KK/KKNHZ.gif", "price": "289", "unit_price": "$.09/ oz", "name": "Apple & Eve 100% Apple Juice Sesame Street Big Bird's No Sugar Added - 8pk", "cnid": "393", "productId": "158645", "size": "4.23 oz box"},
{"thumb": "http://i4.peapod.com/c/KK/KKNHZ.gif", "price": "359", "unit_price": "$.06/ oz", "name": "Apple & Eve 100% Berry Juice Sesame Street Bert & Ernie's No Sugar Added", "cnid": "393", "productId": "158403", "size": "64 oz btl"},
{"thumb": "http://i4.peapod.com/c/KK/KKNHZ.gif", "price": "449", "unit_price": "$.07/ oz", "name": "Apple & Eve 100% Cranberry Juice Calcium Fortified No Sugar Added", "cnid": "393", "productId": "99912", "size": "64 oz btl"},
{"thumb": "http://i4.peapod.com/c/KK/KKNHZ.gif", "price": "449", "unit_price": "$.07/ oz", "name": "Apple & Eve 100% Cranberry Raspberry Juice Blend No Sugar Added", "cnid": "393", "productId": "99914", "size": "64 oz btl"},
{"thumb": "http://i4.peapod.com/c/KK/KKNHZ.gif", "price": "300", "unit_price": "$.06/ oz", "name": "Apple & Eve 100% Juice Fruit Punch Calcium Fortified No Sugar Added - 8 pk", "cnid": "393", "productId": "147279", "size": "6.75 oz box"},
{"thumb": "http://i4.peapod.com/c/KK/KKNHZ.gif", "price": "300", "unit_price": "$.06/ oz", "name": "Apple & Eve 100% Juice Very Berry Calcium Fortified No Sugar Added - 8 pk", "cnid": "393", "productId": "125162", "size": "6.75 oz box"},
{"thumb": "http://i4.peapod.com/c/KK/KKNHZ.gif", "price": "449", "unit_price": "$.07/ oz", "name": "Apple & Eve 100% Pomegranate with Cranberry Juice", "cnid": "393", "productId": "157914", "size": "64 oz btl"},
{"thumb": "http://i4.peapod.com/c/KK/KKNHZ.gif", "price": "359", "unit_price": "$.06/ oz", "name": "Apple & Eve 100% Punch Juice Elmo's Sesame Street", "cnid": "393", "productId": "63090", "size": "64 oz btl"},
{"thumb": "http://i4.peapod.com/c/KK/KKNHZ.gif", "price": "359", "unit_price": "$.06/ oz", "name": "Apple & Eve 100% White Grape Juice Sesame Street Grover's", "cnid": "393", "productId": "136965", "size": "64 oz btl"},
{"thumb": "http://i4.peapod.com/c/KK/KKNHZ.gif", "price": "300", "unit_price": "$.06/ oz", "name": "Apple & Eve Fruitables Berry Berry Fruit & Vegetable Juice Beverage - 8 pk", "cnid": "393", "productId": "155221", "size": "6.75 oz box"},
{"thumb": "http://i4.peapod.com/c/KK/KKNHZ.gif", "price": "300", "unit_price": "$.06/ oz", "name": "Apple & Eve Fruitables Strawberry Kiwi Fruit & Vegetable Juice - 8 pk", "cnid": "393", "productId": "155222", "size": "6.75 oz box"},
{"thumb": "http://i4.peapod.com/c/KK/KKNHZ.gif", "price": "649", "unit_price": "$.05/ oz", "name": "Apple Cider (Brand May Vary) Fresh", "cnid": "393", "productId": "11395", "size": "1 gal"},
{"thumb": "http://i4.peapod.com/c/KK/KKNHZ.gif", "price": "399", "unit_price": "$.06/ oz", "name": "Apple Cider (Brand May Vary) Fresh", "cnid": "393", "productId": "125624", "size": "1/2 gal"},
{"thumb": "http://i4.peapod.com/c/KK/KKNHZ.gif", "price": "599", "unit_price": "$.19/ oz", "name": "Bolthouse Bom Dia Acai Berry with Pomegranate Juice Natural Fresh", "cnid": "393", "productId": "159099", "size": "32 oz btl"},
{"thumb": "http://i4.peapod.com/c/KK/KKNHZ.gif", "price": "599", "unit_price": "$.19/ oz", "name": "Bolthouse Bom Dia Acai Original Juice Antioxidant Rich Natural Fresh", "cnid": "393", "productId": "159432", "size": "32 oz btl"},
{"thumb": "http://i4.peapod.com/c/KK/KKNHZ.gif", "price": "250", "unit_price": "$.16/ oz", "name": "Bolthouse Farms 100% Carrot Juice Fresh", "cnid": "393", "productId": "159075", "size": "15.2 oz btl"},
{"thumb": "http://i4.peapod.com/c/KK/KKNHZ.gif", "price": "499", "unit_price": "$.10/ oz", "name": "Bolthouse Farms 100% Carrot Juice Fresh", "cnid": "393", "productId": "159429", "size": "52 oz btl"},
{"thumb": "http://i4.peapod.com/c/KK/KKNHZ.gif", "price": "250", "unit_price": "$.16/ oz", "name": "Bolthouse Farms Amazing Mango Fruit Smoothie Fresh", "cnid": "393", "productId": "157410", "size": "15.2 oz btl"},
{"thumb": "http://i4.peapod.com/c/KK/KKNHZ.gif", "price": "399", "unit_price": "$.12/ oz", "name": "Bolthouse Farms Amazing Mango Fruit Smoothie Fresh", "cnid": "393", "productId": "158038", "size": "32 oz btl"},
{"thumb": "http://i4.peapod.com/c/KK/KKNHZ.gif", "price": "250", "unit_price": "$.16/ oz", "name": "Bolthouse Farms Berry Boost Fruit Smoothie Fresh", "cnid": "393", "productId": "157411", "size": "15.2 oz btl"},
{"thumb": "http://i4.peapod.com/c/KK/KKNHZ.gif", "price": "399", "unit_price": "$.12/ oz", "name": "Bolthouse Farms Berry Boost Fruit Smoothie Fresh", "cnid": "393", "productId": "141511", "size": "32 oz btl"},
{"thumb": "http://i4.peapod.com/c/KK/KKNHZ.gif", "price": "399", "unit_price": "$.12/ oz", "name": "Bolthouse Farms Blue Goodness Fruit Smoothie Fresh", "cnid": "393", "productId": "143526", "size": "32 oz btl"},
{"thumb": "http://i4.peapod.com/c/KK/KKNHZ.gif", "price": "250", "unit_price": "$.16/ oz", "name": "Bolthouse Farms Blue Goodness Fruit Smoothie Fresh", "cnid": "393", "productId": "159079", "size": "15.2 oz btl"},
{"thumb": "http://i4.peapod.com/c/KK/KKNHZ.gif", "price": "250", "unit_price": "$.16/ oz", "name": "Bolthouse Farms C-Boost Fruit Smoothie Fresh", "cnid": "393", "productId": "157412", "size": "15.2 oz btl"},
{"thumb": "http://i4.peapod.com/c/KK/KKNHZ.gif", "price": "399", "unit_price": "$.12/ oz", "name": "Bolthouse Farms C-Boost Fruit Smoothie Fresh", "cnid": "393", "productId": "159081", "size": "32 oz btl"},
{"thumb": "http://i4.peapod.com/c/KK/KKNHZ.gif", "price": "599", "unit_price": "$.12/ oz", "name": "Bolthouse Farms Green Goodness Fruit Smoothie Fresh", "cnid": "393", "productId": "159435", "size": "52 oz btl"},
{"thumb": "http://i4.peapod.com/c/KK/KKNHZ.gif", "price": "399", "unit_price": "$.12/ oz", "name": "Bolthouse Farms Green Goodness Fruit Smoothie Fresh", "cnid": "393", "productId": "133658", "size": "32 oz btl"},
{"thumb": "http://i4.peapod.com/c/KK/KKNHZ.gif", "price": "250", "unit_price": "$.16/ oz", "name": "Bolthouse Farms Green Goodness Fruit Smoothie Fresh", "cnid": "393", "productId": "159076", "size": "15.2 oz btl"},
{"thumb": "http://i4.peapod.com/c/KK/KKNHZ.gif", "price": "399", "unit_price": "$.12/ oz", "name": "Bolthouse Farms Mango Lemonade Fresh", "cnid": "393", "productId": "138351", "size": "32 oz btl"},
{"thumb": "http://i4.peapod.com/c/KK/KKNHZ.gif", "price": "399", "unit_price": "$.12/ oz", "name": "Bolthouse Farms Strawberry Banana Fruit Smoothie Fresh", "cnid": "393", "productId": "138352", "size": "32 oz btl"},
{"thumb": "http://i4.peapod.com/c/KK/KKNHZ.gif", "price": "250", "unit_price": "$.16/ oz", "name": "Bolthouse Farms Strawberry Banana Fruit Smoothie Fresh", "cnid": "393", "productId": "157413", "size": "15.2 oz btl"},
{"thumb": "http://i4.peapod.com/c/KK/KKNHZ.gif", "price": "599", "unit_price": "$.12/ oz", "name": "Bolthouse Farms Strawberry Banana Fruit Smoothie Fresh", "cnid": "393", "productId": "163916", "size": "52 oz btl"},
{"thumb": "http://i4.peapod.com/c/KK/KKNHZ.gif", "price": "219", "unit_price": "$.05/ oz", "name": "Campbell's Tomato Juice", "cnid": "393", "productId": "7043", "size": "46 oz can"},
{"thumb": "http://i4.peapod.com/c/KK/KKNHZ.gif", "price": "399", "unit_price": "$.06/ oz", "name": "Campbell's Tomato Juice from Concentrate", "cnid": "393", "productId": "136427", "size": "64 oz btl"},
{"thumb": "http://i4.peapod.com/c/KK/KKNHZ.gif", "price": "279", "unit_price": "$.09/ oz", "name": "Campbell's Tomato Juice from Concentrate - 6 pk", "cnid": "393", "productId": "7039", "size": "5.5 oz can"},
{"thumb": "http://i4.peapod.com/c/KK/KKNHZ.gif", "price": "250", "unit_price": "$.04/ oz", "name": "Capri Sun Fruit Punch Juice Drink Blend 25% Less Sugar - 10 pk", "cnid": "393", "productId": "9668", "size": "6 oz pkg"},
{"thumb": "http://i4.peapod.com/c/KK/KKNHZ.gif", "price": "250", "unit_price": "$.04/ oz", "name": "Capri Sun Grape Juice Drink Blend 25% Less Sugar - 10 pk", "cnid": "393", "productId": "20323", "size": "6 oz pkg"},
{"thumb": "http://i4.peapod.com/c/KK/KKNHZ.gif", "price": "250", "unit_price": "$.04/ oz", "name": "Capri Sun Lemonade 25% Less Sugar - 10 pk", "cnid": "393", "productId": "131305", "size": "6 oz pkg"},
{"thumb": "http://i4.peapod.com/c/KK/KKNHZ.gif", "price": "250", "unit_price": "$.04/ oz", "name": "Capri Sun Mountain Cooler Mixed Fruit Flavored Drink 25% Less Sugar-10 pk", "cnid": "393", "productId": "20324", "size": "6 oz pkg"},
{"thumb": "http://i4.peapod.com/c/KK/KKNHZ.gif", "price": "250", "unit_price": "$.04/ oz", "name": "Capri Sun Orange Juice Drink Blend 25% Less Sugar - 10 pk", "cnid": "393", "productId": "9667", "size": "6 oz pkg"},
{"thumb": "http://i4.peapod.com/c/KK/KKNHZ.gif", "price": "250", "unit_price": "$.04/ oz", "name": "Capri Sun Pacific Cooler Mixed Fruit Flavored Drink 25% Less Sugar - 10 pk", "cnid": "393", "productId": "20325", "size": "6 oz pkg"},
{"thumb": "http://i4.peapod.com/c/KK/KKNHZ.gif", "price": "250", "unit_price": "$.04/ oz", "name": "Capri Sun Red Berry Strawberry Raspberry Drink 25% Less Sugar - 10 pk", "cnid": "393", "productId": "22061", "size": "6 oz pkg"},
{"thumb": "http://i4.peapod.com/c/KK/KKNHZ.gif", "price": "250", "unit_price": "$.04/ oz", "name": "Capri Sun Strawberry Kiwi Juice Drink Blend 25% Reduced Sugar - 10 pk", "cnid": "393", "productId": "81356", "size": "6 oz pkg"},
{"thumb": "http://i4.peapod.com/c/KK/KKNHZ.gif", "price": "250", "unit_price": "$.04/ oz", "name": "Capri Sun Wild Cherry Juice Drink Blend 25% Less Sugar - 10 pk", "cnid": "393", "productId": "9669", "size": "6 oz pkg"},
{"thumb": "http://i4.peapod.com/c/KK/KKNHZ.gif", "price": "69", "unit_price": "$.15/ oz", "name": "Concord Foods Lemon Juice Reconstituted", "cnid": "393", "productId": "13111", "size": "4.5 oz sqz"},
{"thumb": "http://i4.peapod.com/c/KK/KKNHZ.gif", "price": "69", "unit_price": "$.15/ oz", "name": "Concord Foods SQUEEZ-EEZ Lime Juice from Concentrate", "cnid": "393", "productId": "140395", "size": "4.5 oz sqz"},
{"thumb": "http://i4.peapod.com/c/KK/KKNHZ.gif", "price": "359", "unit_price": "$.06/ oz", "name": "Dole 100% Orange Peach Mango Juice Blend", "cnid": "393", "productId": "83658", "size": "59 oz btl"},
{"thumb": "http://i4.peapod.com/c/KK/KKNHZ.gif", "price": "359", "unit_price": "$.06/ oz", "name": "Dole 100% Orange Pineapple Banana Juice Blend", "cnid": "393", "productId": "3976", "size": "59 oz jug"},
{"thumb": "http://i4.peapod.com/c/KK/KKNHZ.gif", "price": "359", "unit_price": "$.06/ oz", "name": "Dole 100% Pineapple Juice", "cnid": "393", "productId": "3974", "size": "59 oz ctn"},
{"thumb": "http://i4.peapod.com/c/KK/KKNHZ.gif", "price": "279", "unit_price": "$.08/ oz", "name": "Dole 100% Pineapple Juice - 6 pk", "cnid": "393", "productId": "15423", "size": "6 oz can"},
{"thumb": "http://i4.peapod.com/c/KK/KKNHZ.gif", "price": "269", "unit_price": "$.06/ oz", "name": "Dole Pineapple Juice", "cnid": "393", "productId": "3970", "size": "46 oz can"},
{"thumb": "http://i4.peapod.com/c/KK/KKNHZ.gif", "price": "250", "unit_price": "$.04/ oz", "name": "Florida's Natural Premium Orange Juice Home Squeezed with Pulp", "cnid": "393", "productId": "12213", "size": "59 oz ctn"},
{"thumb": "http://i4.peapod.com/c/KK/KKNHZ.gif", "price": "250", "unit_price": "$.04/ oz", "name": "Florida's Natural Premium Orange Juice with Calcium No Pulp", "cnid": "393", "productId": "99669", "size": "59 oz ctn"},
{"thumb": "http://i4.peapod.com/c/KK/KKNHZ.gif", "price": "250", "unit_price": "$.04/ oz", "name": "Florida's Natural Premium Original Orange Juice No Pulp", "cnid": "393", "productId": "12657", "size": "59 oz ctn"},
{"thumb": "http://i4.peapod.com/c/KK/KKNHZ.gif", "price": "250", "unit_price": "$.04/ oz", "name": "Florida's Natural Premium Original Ruby Red Grapefruit Juice", "cnid": "393", "productId": "18840", "size": "59 oz ctn"},
{"thumb": "http://i4.peapod.com/c/KK/KKNHZ.gif", "price": "79", "unit_price": "$.08/ oz", "name": "Goya Guava Nectar", "cnid": "393", "productId": "14346", "size": "9.6 oz can"},
{"thumb": "http://i4.peapod.com/c/KK/KKNHZ.gif", "price": "79", "unit_price": "$.08/ oz", "name": "Goya Mango Nectar", "cnid": "393", "productId": "14345", "size": "9.6 oz can"},
{"thumb": "http://i4.peapod.com/c/KK/KKNHZ.gif", "price": "79", "unit_price": "$.08/ oz", "name": "Goya Peach Nectar", "cnid": "393", "productId": "14350", "size": "9.6 oz can"},
{"thumb": "http://i4.peapod.com/c/KK/KKNHZ.gif", "price": "79", "unit_price": "$.08/ oz", "name": "Goya Pear Nectar", "cnid": "393", "productId": "14349", "size": "9.6 oz can"},
{"thumb": "http://i4.peapod.com/c/KK/KKNHZ.gif", "price": "100", "unit_price": "$.02/ oz", "name": "Guaranteed Value Apple Juice Cocktail", "cnid": "393", "productId": "184007", "size": "46 oz btl"},
{"thumb": "http://i4.peapod.com/c/KK/KKNHZ.gif", "price": "119", "unit_price": "$.07/ oz", "name": "Hansen's Junior Juice Fruit Punch No Sugar Added - 4 pk", "cnid": "393", "productId": "45442", "size": "4.23 oz box"},
{"thumb": "http://i4.peapod.com/c/KK/KKNHZ.gif", "price": "349", "unit_price": "$.03/ oz", "name": "Hawaiian Punch Fruit Juicy Red", "cnid": "393", "productId": "18508", "size": "1 gal"},
{"thumb": "http://i4.peapod.com/c/KK/KKNHZ.gif", "price": "249", "unit_price": "$.04/ oz", "name": "Hi-C Flashin' Fruit Punch Fruit Drink - 10 pk", "cnid": "393", "productId": "89384", "size": "6.75 oz box"},
{"thumb": "http://i4.peapod.com/c/KK/KKNHZ.gif", "price": "249", "unit_price": "$.04/ oz", "name": "Hi-C Orange Lavaburst Fruit Drink - 10 pk", "cnid": "393", "productId": "89380", "size": "6.75 oz box"},
{"thumb": "http://i4.peapod.com/c/KK/KKNHZ.gif", "price": "249", "unit_price": "$.04/ oz", "name": "Hi-C Poppin' Pink Lemonade Fruit Drink - 10 pk", "cnid": "393", "productId": "104867", "size": "6.75 oz box"},
{"thumb": "http://i4.peapod.com/c/KK/KKNHZ.gif", "price": "249", "unit_price": "$.04/ oz", "name": "Hi-C Torrential Tropical Punch Fruit Drink - 10 pk", "cnid": "393", "productId": "90159", "size": "6.75 oz box"},
{"thumb": "http://i4.peapod.com/c/KK/KKNHZ.gif", "price": "399", "unit_price": "$.07/ oz", "name": "Honest Kids Appley Ever After Thirst Quencher Organic - 8 pk", "cnid": "393", "productId": "167241", "size": "6.75 oz box"},
{"thumb": "http://i4.peapod.com/c/KK/KKNHZ.gif", "price": "399", "unit_price": "$.07/ oz", "name": "Honest Kids Goodness Grapeness Thirst Quencher Organic - 8 pk", "cnid": "393", "productId": "146699", "size": "6.75 oz pkg"},
{"thumb": "http://i4.peapod.com/c/KK/KKNHZ.gif", "price": "669", "unit_price": "$.14/ oz", "name": "IZZE Sparkling Blackberry Juice Beverage All Natural - 4 pk", "cnid": "393", "productId": "138135", "size": "12 oz btl"},
{"thumb": "http://i4.peapod.com/c/KK/KKNHZ.gif", "price": "669", "unit_price": "$.14/ oz", "name": "IZZE Sparkling Clementine Juice Beverage All Natural - 4 pk", "cnid": "393", "productId": "138137", "size": "12 oz btl"},
{"thumb": "http://i4.peapod.com/c/KK/KKNHZ.gif", "price": "669", "unit_price": "$.14/ oz", "name": "IZZE Sparkling Grapefruit Juice Beverage All Natural - 4 pk", "cnid": "393", "productId": "138136", "size": "12 oz btl"},
{"thumb": "http://i4.peapod.com/c/KK/KKNHZ.gif", "price": "669", "unit_price": "$.14/ oz", "name": "IZZE Sparkling Pomegranate Juice Beverage All Natural - 4 pk", "cnid": "393", "productId": "138141", "size": "12 oz btl"},
{"thumb": "http://i4.peapod.com/c/KK/KKNHZ.gif", "price": "250", "unit_price": "$.04/ oz", "name": "Kedem Apple Juice No Sugar Added All Natural", "cnid": "393", "productId": "18739", "size": "64 oz btl"},
{"thumb": "http://i4.peapod.com/c/KK/KKNHZ.gif", "price": "419", "unit_price": "$.06/ oz", "name": "Kedem Concord Grape Juice", "cnid": "393", "productId": "99183", "size": "64 oz btl"},
{"thumb": "http://i4.peapod.com/c/KK/KKNHZ.gif", "price": "100", "unit_price": "$.16/ oz", "name": "Kedem Concord Grape Juice", "cnid": "393", "productId": "153795", "size": "6.3 oz btl"},
{"thumb": "http://i4.peapod.com/c/KK/KKNHZ.gif", "price": "300", "unit_price": "$.14/ oz", "name": "Kedem Concord Grape Juice Kosher for Passover", "cnid": "393", "productId": "24646", "size": "22 oz btl"},
{"thumb": "http://i4.peapod.com/c/KK/KKNHZ.gif", "price": "449", "unit_price": "$.13/ oz", "name": "Kedem Concord Grape Juice Natural", "cnid": "393", "productId": "39285", "size": "1 ltr btl"},
{"thumb": "http://i4.peapod.com/c/KK/KKNHZ.gif", "price": "299", "unit_price": "$.12/ oz", "name": "Kedem Sparkling Apple Cider Kosher for Passover", "cnid": "393", "productId": "133977", "size": "25.4 oz btl"},
{"thumb": "http://i4.peapod.com/c/KK/KKNHZ.gif", "price": "499", "unit_price": "$.20/ oz", "name": "Kedem Sparkling Blush Grape Juice", "cnid": "393", "productId": "48985", "size": "25.4 oz btl"},
{"thumb": "http://i4.peapod.com/c/KK/KKNHZ.gif", "price": "499", "unit_price": "$.20/ oz", "name": "Kedem Sparkling Catawba Grape Juice No Sugar Added", "cnid": "393", "productId": "40468", "size": "25.4 oz btl"},
{"thumb": "http://i4.peapod.com/c/KK/KKNHZ.gif", "price": "499", "unit_price": "$.20/ oz", "name": "Kedem Sparkling Grape Juice", "cnid": "393", "productId": "14154", "size": "25.4 oz btl"},
{"thumb": "http://i4.peapod.com/c/KK/KKNHZ.gif", "price": "499", "unit_price": "$.20/ oz", "name": "Kedem Sparkling Peach Grape Juice", "cnid": "393", "productId": "171467", "size": "25.4 oz btl"},
{"thumb": "http://i4.peapod.com/c/KK/KKNHZ.gif", "price": "499", "unit_price": "$.20/ oz", "name": "Kedem Sparkling Raspberry Juice Non-Alcoholic Kosher for Passover", "cnid": "393", "productId": "137164", "size": "25.4 oz btl"},
{"thumb": "http://i4.peapod.com/c/KK/KKNHZ.gif", "price": "349", "unit_price": "$.05/ oz", "name": "Langers Pomegranate Cranberry Juice Cocktail", "cnid": "393", "productId": "153885", "size": "64 oz btl"},
{"thumb": "http://i4.peapod.com/c/KK/KKNHZ.gif", "price": "349", "unit_price": "$.05/ oz", "name": "Langers Pomegranate Juice Cocktail Zero Sugar Added Sweetened with Splenda", "cnid": "393", "productId": "155270", "size": "64 oz btl"},
{"thumb": "http://i4.peapod.com/c/KK/KKNHZ.gif", "price": "399", "unit_price": "$.06/ oz", "name": "Maple Lane Farms Black Currant Juice Drink from Concentrate Fresh", "cnid": "393", "productId": "163917", "size": "64 oz btl"},
{"thumb": "http://i4.peapod.com/c/KK/KKNHZ.gif", "price": "250", "unit_price": "$.10/ oz", "name": "Martinelli's Gold Medal Sparkling Cider", "cnid": "393", "productId": "20001", "size": "25.4 oz btl"},
{"thumb": "http://i4.peapod.com/c/KK/KKNHZ.gif", "price": "799", "unit_price": "$.16/ oz", "name": "Martinelli's Gold Medal Sparkling Cider - 6 pk", "cnid": "393", "productId": "156393", "size": "8.4 oz btl"},
{"thumb": "http://i4.peapod.com/c/KK/KKNHZ.gif", "price": "259", "unit_price": "$.04/ oz", "name": "Mayer Bros. Pomegranate Lemonade", "cnid": "393", "productId": "163918", "size": "59 oz btl"},
{"thumb": "http://i4.peapod.com/c/KK/KKNHZ.gif", "price": "379", "unit_price": "$.06/ oz", "name": "Minute Maid 100% Apple Juice - 10 pk", "cnid": "393", "productId": "86721", "size": "6.75 oz box"},
{"thumb": "http://i4.peapod.com/c/KK/KKNHZ.gif", "price": "379", "unit_price": "$.06/ oz", "name": "Minute Maid Juices To Go 100% Apple Juice - 6 pk", "cnid": "393", "productId": "142270", "size": "10 oz btl"},
{"thumb": "http://i4.peapod.com/c/KK/KKNHZ.gif", "price": "379", "unit_price": "$.06/ oz", "name": "Minute Maid Lemonade - 10 pk", "cnid": "393", "productId": "118895", "size": "6.75 oz box"},
{"thumb": "http://i4.peapod.com/c/KK/KKNHZ.gif", "price": "499", "unit_price": "$.04/ oz", "name": "Minute Maid Lemonade - 12 pk", "cnid": "393", "productId": "125670", "size": "12 oz can"},
{"thumb": "http://i4.peapod.com/c/KK/KKNHZ.gif", "price": "300", "unit_price": "$.05/ oz", "name": "Minute Maid Lemonade Fruit Drink Light", "cnid": "393", "productId": "137720", "size": "59 oz btl"},
{"thumb": "http://i4.peapod.com/c/KK/KKNHZ.gif", "price": "499", "unit_price": "$.04/ oz", "name": "Minute Maid Lemonade Light - 12 pk", "cnid": "393", "productId": "128554", "size": "12 oz can"},
{"thumb": "http://i4.peapod.com/c/KK/KKNHZ.gif", "price": "379", "unit_price": "$.06/ oz", "name": "Minute Maid Mixed Berry Juice - 10 pk", "cnid": "393", "productId": "118899", "size": "6.75 oz box"},
{"thumb": "http://i4.peapod.com/c/KK/KKNHZ.gif", "price": "475", "unit_price": "$.07/ oz", "name": "Minute Maid Orange Juice - 10 pk", "cnid": "393", "productId": "93308", "size": "6.75 oz box"},
{"thumb": "http://i4.peapod.com/c/KK/KKNHZ.gif", "price": "499", "unit_price": "$.04/ oz", "name": "Minute Maid Pink Lemonade - 12 pk", "cnid": "393", "productId": "128337", "size": "12 oz can"},
{"thumb": "http://i4.peapod.com/c/KK/KKNHZ.gif", "price": "259", "unit_price": "$.22/ oz", "name": "Minute Maid Premium 100% Orange Juice Original Concentrated Frozen", "cnid": "393", "productId": "2303", "size": "12 oz can"},
{"thumb": "http://i4.peapod.com/c/KK/KKNHZ.gif", "price": "199", "unit_price": "$.03/ oz", "name": "Minute Maid Premium Berry Punch All Natural", "cnid": "393", "productId": "17694", "size": "59 oz ctn"},
{"thumb": "http://i4.peapod.com/c/KK/KKNHZ.gif", "price": "199", "unit_price": "$.03/ oz", "name": "Minute Maid Premium Fruit Punch All Natural", "cnid": "393", "productId": "2326", "size": "59 oz ctn"},
{"thumb": "http://i4.peapod.com/c/KK/KKNHZ.gif", "price": "249", "unit_price": "$.04/ oz", "name": "Minute Maid Premium Kids+ Orange Juice Vitamins & Calcium Pulp Free", "cnid": "393", "productId": "133072", "size": "59 oz ctn"},
{"thumb": "http://i4.peapod.com/c/KK/KKNHZ.gif", "price": "199", "unit_price": "$.03/ oz", "name": "Minute Maid Premium Lemonade All Natural", "cnid": "393", "productId": "2320", "size": "59 oz ctn"},
{"thumb": "http://i4.peapod.com/c/KK/KKNHZ.gif", "price": "199", "unit_price": "$.17/ oz", "name": "Minute Maid Premium Limeade Concentrated Frozen", "cnid": "393", "productId": "10982", "size": "12 oz can"},
{"thumb": "http://i4.peapod.com/c/KK/KKNHZ.gif", "price": "249", "unit_price": "$.04/ oz", "name": "Minute Maid Premium Orange Juice Pulp Free", "cnid": "393", "productId": "2328", "size": "59 oz ctn"},
{"thumb": "http://i4.peapod.com/c/KK/KKNHZ.gif", "price": "249", "unit_price": "$.04/ oz", "name": "Minute Maid Premium Original Orange Juice Calcium & Vitamin D Low Pulp", "cnid": "393", "productId": "2324", "size": "59 oz ctn"},
{"thumb": "http://i4.peapod.com/c/KK/KKNHZ.gif", "price": "249", "unit_price": "$.04/ oz", "name": "Minute Maid Premium Original Orange Juice Low Pulp", "cnid": "393", "productId": "2313", "size": "59 oz ctn"},
{"thumb": "http://i4.peapod.com/c/KK/KKNHZ.gif", "price": "199", "unit_price": "$.03/ oz", "name": "Minute Maid Premium Pink Lemonade All Natural", "cnid": "393", "productId": "80309", "size": "59 oz ctn"},
{"thumb": "http://i4.peapod.com/c/KK/KKNHZ.gif", "price": "199", "unit_price": "$.17/ oz", "name": "Minute Maid Premium Pink Lemonade Concentrated Frozen", "cnid": "393", "productId": "47827", "size": "12 oz can"},
{"thumb": "http://i4.peapod.com/c/KK/KKNHZ.gif", "price": "299", "unit_price": "$.05/ oz", "name": "Minute Maid Pure Squeezed 100% Orange Juice No Pulp", "cnid": "393", "productId": "174985", "size": "59 oz btl"},
{"thumb": "http://i4.peapod.com/c/KK/KKNHZ.gif", "price": "299", "unit_price": "$.05/ oz", "name": "Minute Maid Pure Squeezed 100% Orange Juice w/ Calcium & Vitamin D No Pulp", "cnid": "393", "productId": "174986", "size": "59 oz btl"},
{"thumb": "http://i4.peapod.com/c/KK/KKNHZ.gif", "price": "319", "unit_price": "$.05/ oz", "name": "Mott's 100% Apple Juice Original", "cnid": "393", "productId": "877", "size": "64 oz btl"},
{"thumb": "http://i4.peapod.com/c/KK/KKNHZ.gif", "price": "549", "unit_price": "$.04/ oz", "name": "Mott's 100% Apple Juice Original", "cnid": "393", "productId": "40183", "size": "1 gal"},
{"thumb": "http://i4.peapod.com/c/KK/KKNHZ.gif", "price": "329", "unit_price": "$.10/ oz", "name": "Mott's Clamato The Original Tomato Cocktail Juice from Concentrate", "cnid": "393", "productId": "885", "size": "32 oz btl"},
{"thumb": "http://i4.peapod.com/c/KK/KKNHZ.gif", "price": "329", "unit_price": "$.06/ oz", "name": "Mott's for Tots Apple White Grape Juice Blend & Purified Water - 8 pk", "cnid": "393", "productId": "147288", "size": "6.75 oz box"},
{"thumb": "http://i4.peapod.com/c/KK/KKNHZ.gif", "price": "349", "unit_price": "$.23/ oz", "name": "Naked Acai Machine Superfood Juice Smoothie All Natural Fresh", "cnid": "393", "productId": "159299", "size": "15.2 oz btl"},
{"thumb": "http://i4.peapod.com/c/KK/KKNHZ.gif", "price": "299", "unit_price": "$.20/ oz", "name": "Naked Blue Machine Boosted 100% Juice Smoothie No Sugar Added Nat Fresh", "cnid": "393", "productId": "124519", "size": "15.2 oz btl"},
{"thumb": "http://i4.peapod.com/c/KK/KKNHZ.gif", "price": "299", "unit_price": "$.20/ oz", "name": "Naked Green Machine Boosted 100% Juice Smoothie All Natural Fresh", "cnid": "393", "productId": "124526", "size": "15.2 oz btl"},
{"thumb": "http://i4.peapod.com/c/KK/KKNHZ.gif", "price": "449", "unit_price": "$.14/ oz", "name": "Naked Green Machine Boosted 100% Juice Smoothie All Natural Fresh", "cnid": "393", "productId": "163920", "size": "32 oz btl"},
{"thumb": "http://i4.peapod.com/c/KK/KKNHZ.gif", "price": "299", "unit_price": "$.20/ oz", "name": "Naked Mighty Mango 100% Juice Smoothie No Sugar Added All Natural Fresh", "cnid": "393", "productId": "143646", "size": "15.2 oz btl"},
{"thumb": "http://i4.peapod.com/c/KK/KKNHZ.gif", "price": "449", "unit_price": "$.14/ oz", "name": "Naked Mighty Mango 100% Juice Smoothie No Sugar Added All Natural Fresh", "cnid": "393", "productId": "163919", "size": "32 oz btl"},
{"thumb": "http://i4.peapod.com/c/KK/KKNHZ.gif", "price": "349", "unit_price": "$.23/ oz", "name": "Naked Protein Zone Pineapple Coconut Banana Juice Smoothie Natural Fresh", "cnid": "393", "productId": "124524", "size": "15.2 oz btl"},
{"thumb": "http://i4.peapod.com/c/KK/KKNHZ.gif", "price": "299", "unit_price": "$.20/ oz", "name": "Naked Red Machine Boosted 100% Juice Smoothie All Natural Fresh", "cnid": "393", "productId": "159298", "size": "15.2 oz btl"},
{"thumb": "http://i4.peapod.com/c/KK/KKNHZ.gif", "price": "150", "unit_price": "$.09/ oz", "name": "Nantucket Nectars Half & Half (Half Lemonade - Half Iced Tea) All Natural", "cnid": "393", "productId": "162367", "size": "17.5 oz btl"},
{"thumb": "http://i4.peapod.com/c/KK/KKNHZ.gif", "price": "150", "unit_price": "$.09/ oz", "name": "Nantucket Nectars Orange Mango Juice Cocktail All Natural", "cnid": "393", "productId": "85777", "size": "17.5 oz btl"},
{"thumb": "http://i4.peapod.com/c/KK/KKNHZ.gif", "price": "150", "unit_price": "$.09/ oz", "name": "Nantucket Nectars Squeezed Lemonade All Natural", "cnid": "393", "productId": "162368", "size": "17.5 oz btl"},
{"thumb": "http://i4.peapod.com/c/KK/KKNHZ.gif", "price": "699", "unit_price": "$.11/ oz", "name": "Natalie's Orchard Island Juice Co. Orange Juice All Natural Fresh", "cnid": "393", "productId": "163921", "size": "64 oz jug"},
{"thumb": "http://i4.peapod.com/c/KK/KKNHZ.gif", "price": "299", "unit_price": "$.09/ oz", "name": "Nature's Collection Strawberry Banana Fruit Smoothie", "cnid": "393", "productId": "163455", "size": "33.8 oz ctn"},
{"thumb": "http://i4.peapod.com/c/KK/KKNHZ.gif", "price": "339", "unit_price": "$.11/ oz", "name": "Nature's Promise Naturals Black Cherry Juice", "cnid": "393", "productId": "156325", "size": "32 oz btl"},
{"thumb": "http://i4.peapod.com/c/KK/KKNHZ.gif", "price": "499", "unit_price": "$.16/ oz", "name": "Nature's Promise Naturals Cranberry Juice", "cnid": "393", "productId": "154781", "size": "32 oz btl"},
{"thumb": "http://i4.peapod.com/c/KK/KKNHZ.gif", "price": "449", "unit_price": "$.07/ oz", "name": "Nature's Promise Naturals Pomegranate Blueberry Juice Blend", "cnid": "393", "productId": "151976", "size": "64 oz btl"},
{"thumb": "http://i4.peapod.com/c/KK/KKNHZ.gif", "price": "449", "unit_price": "$.07/ oz", "name": "Nature's Promise Naturals Pomegranate Cranberry Juice Blend", "cnid": "393", "productId": "143788", "size": "64 oz btl"},
{"thumb": "http://i4.peapod.com/c/KK/KKNHZ.gif", "price": "599", "unit_price": "$.19/ oz", "name": "Nature's Promise Naturals Pomegranate Juice", "cnid": "393", "productId": "151975", "size": "32 oz btl"},
{"thumb": "http://i4.peapod.com/c/KK/KKNHZ.gif", "price": "449", "unit_price": "$.07/ oz", "name": "Nature's Promise Naturals Pomegranate Juice Blend", "cnid": "393", "productId": "143371", "size": "64 oz btl"},
{"thumb": "http://i4.peapod.com/c/KK/KKNHZ.gif", "price": "299", "unit_price": "$.05/ oz", "name": "Nature's Promise Organics Apple Juice", "cnid": "393", "productId": "136066", "size": "64 oz btl"},
{"thumb": "http://i4.peapod.com/c/KK/KKNHZ.gif", "price": "299", "unit_price": "$.11/ oz", "name": "Nature's Promise Organics Apple Juice - 4 pk", "cnid": "393", "productId": "154877", "size": "6.75 oz box"},
{"thumb": "http://i4.peapod.com/c/KK/KKNHZ.gif", "price": "439", "unit_price": "$.07/ oz", "name": "Nature's Promise Organics Concord Grape Juice Blend", "cnid": "393", "productId": "137951", "size": "64 oz btl"},
{"thumb": "http://i4.peapod.com/c/KK/KKNHZ.gif", "price": "499", "unit_price": "$.08/ oz", "name": "Nature's Promise Organics Cranberry Juice Blends", "cnid": "393", "productId": "136067", "size": "64 oz btl"},
{"thumb": "http://i4.peapod.com/c/KK/KKNHZ.gif", "price": "299", "unit_price": "$.11/ oz", "name": "Nature's Promise Organics Fruit Punch - 4 pk", "cnid": "393", "productId": "151402", "size": "6.75 oz box"},
{"thumb": "http://i4.peapod.com/c/KK/KKNHZ.gif", "price": "250", "unit_price": "$.04/ oz", "name": "Nature's Promise Organics Lemonade", "cnid": "393", "productId": "136068", "size": "64 oz btl"},
{"thumb": "http://i4.peapod.com/c/KK/KKNHZ.gif", "price": "299", "unit_price": "$.05/ oz", "name": "Nature's Promise Organics Limeade", "cnid": "393", "productId": "149467", "size": "64 oz btl"},
{"thumb": "http://i4.peapod.com/c/KK/KKNHZ.gif", "price": "439", "unit_price": "$.07/ oz", "name": "Nature's Promise Organics White Grape Juice", "cnid": "393", "productId": "149468", "size": "64 oz btl"},
{"thumb": "http://i4.peapod.com/c/KK/KKNHZ.gif", "price": "299", "unit_price": "$.11/ oz", "name": "Nature's Promise Organics White Grape Juice - 4 pk", "cnid": "393", "productId": "154878", "size": "6.75 oz box"},
{"thumb": "http://i4.peapod.com/c/KK/KKNHZ.gif", "price": "349", "unit_price": "$.05/ oz", "name": "Nestle Juicy Juice 100% Apple Juice All Natural", "cnid": "393", "productId": "90479", "size": "64 oz btl"},
{"thumb": "http://i4.peapod.com/c/KK/KKNHZ.gif", "price": "299", "unit_price": "$.05/ oz", "name": "Nestle Juicy Juice 100% Apple Juice All Natural - 8 pk", "cnid": "393", "productId": "125039", "size": "6.75 oz box"},
{"thumb": "http://i4.peapod.com/c/KK/KKNHZ.gif", "price": "229", "unit_price": "$.07/ oz", "name": "Nestle Juicy Juice 100% Apple Juice No Sugar Added All Natural - 8 pk", "cnid": "393", "productId": "121118", "size": "4.23 oz box"},
{"thumb": "http://i4.peapod.com/c/KK/KKNHZ.gif", "price": "349", "unit_price": "$.05/ oz", "name": "Nestle Juicy Juice 100% Berry Juice Blend All Natural", "cnid": "393", "productId": "65863", "size": "64 oz btl"},
{"thumb": "http://i4.peapod.com/c/KK/KKNHZ.gif", "price": "349", "unit_price": "$.05/ oz", "name": "Nestle Juicy Juice 100% Cherry Juice Blend All Natural", "cnid": "393", "productId": "65861", "size": "64 oz btl"},
{"thumb": "http://i4.peapod.com/c/KK/KKNHZ.gif", "price": "349", "unit_price": "$.05/ oz", "name": "Nestle Juicy Juice 100% Grape Juice Blend All Natural", "cnid": "393", "productId": "65867", "size": "64 oz btl"},
{"thumb": "http://i4.peapod.com/c/KK/KKNHZ.gif", "price": "229", "unit_price": "$.07/ oz", "name": "Nestle Juicy Juice 100% Grape Juice Blend All Natural - 8 pk", "cnid": "393", "productId": "121117", "size": "4.23 oz box"},
{"thumb": "http://i4.peapod.com/c/KK/KKNHZ.gif", "price": "299", "unit_price": "$.05/ oz", "name": "Nestle Juicy Juice 100% Grape Juice Blend All Natural - 8 pk", "cnid": "393", "productId": "125042", "size": "6.75 oz box"},
{"thumb": "http://i4.peapod.com/c/KK/KKNHZ.gif", "price": "349", "unit_price": "$.05/ oz", "name": "Nestle Juicy Juice 100% Punch Juice Blend All Natural", "cnid": "393", "productId": "65868", "size": "64 oz btl"},
{"thumb": "http://i4.peapod.com/c/KK/KKNHZ.gif", "price": "229", "unit_price": "$.07/ oz", "name": "Nestle Juicy Juice 100% Punch Juice Blend All Natural - 8 pk", "cnid": "393", "productId": "121119", "size": "4.23 oz box"},
{"thumb": "http://i4.peapod.com/c/KK/KKNHZ.gif", "price": "259", "unit_price": "$.04/ oz", "name": "Newman's Own Gorilla Grape Fruit Juice Cocktail All Natural", "cnid": "393", "productId": "148329", "size": "59 oz ctn"},
{"thumb": "http://i4.peapod.com/c/KK/KKNHZ.gif", "price": "259", "unit_price": "$.04/ oz", "name": "Newman's Own Orange Mango Tango Fruit Juice Cocktail All Natural", "cnid": "393", "productId": "144019", "size": "59 oz ctn"},
{"thumb": "http://i4.peapod.com/c/KK/KKNHZ.gif", "price": "259", "unit_price": "$.04/ oz", "name": "Newman's Own Virgin Lemonade All Natural", "cnid": "393", "productId": "9113", "size": "59 oz ctn"},
{"thumb": "http://i4.peapod.com/c/KK/KKNHZ.gif", "price": "259", "unit_price": "$.04/ oz", "name": "Newman's Own Virgin Lemon-Aided Iced Tea All Natural", "cnid": "393", "productId": "124436", "size": "59 oz ctn"},
{"thumb": "http://i4.peapod.com/c/KK/KKNHZ.gif", "price": "259", "unit_price": "$.04/ oz", "name": "Newman's Own Virgin Pink Lemonade All Natural", "cnid": "393", "productId": "124367", "size": "59 oz ctn"},
{"thumb": "http://i4.peapod.com/c/KK/KKNHZ.gif", "price": "429", "unit_price": "$.07/ oz", "name": "Ocean Spray 100% Cranberry & Blueberry Juice No Sugar Added", "cnid": "393", "productId": "148324", "size": "64 oz btl"},
{"thumb": "http://i4.peapod.com/c/KK/KKNHZ.gif", "price": "429", "unit_price": "$.07/ oz", "name": "Ocean Spray 100% Cranberry & Concord Grape Juice No Sugar Added", "cnid": "393", "productId": "151429", "size": "64 oz btl"},
{"thumb": "http://i4.peapod.com/c/KK/KKNHZ.gif", "price": "429", "unit_price": "$.07/ oz", "name": "Ocean Spray 100% Cranberry & Pomegranate Juice No Sugar Added", "cnid": "393", "productId": "145989", "size": "64 oz btl"},
{"thumb": "http://i4.peapod.com/c/KK/KKNHZ.gif", "price": "429", "unit_price": "$.07/ oz", "name": "Ocean Spray 100% Cranberry & Raspberry Juice No Sugar Added", "cnid": "393", "productId": "113332", "size": "64 oz btl"},
{"thumb": "http://i4.peapod.com/c/KK/KKNHZ.gif", "price": "429", "unit_price": "$.07/ oz", "name": "Ocean Spray 100% Cranberry Juice Blend No Sugar Added", "cnid": "393", "productId": "113693", "size": "64 oz btl"},
{"thumb": "http://i4.peapod.com/c/KK/KKNHZ.gif", "price": "399", "unit_price": "$.06/ oz", "name": "Ocean Spray 100% Ruby Red Grapefruit Juice Blend No Sugar Added", "cnid": "393", "productId": "141617", "size": "64 oz btl"},
{"thumb": "http://i4.peapod.com/c/KK/KKNHZ.gif", "price": "399", "unit_price": "$.06/ oz", "name": "Ocean Spray 100% White Grapefruit Juice No Sugar Added", "cnid": "393", "productId": "3035", "size": "64 oz btl"},
{"thumb": "http://i4.peapod.com/c/KK/KKNHZ.gif", "price": "349", "unit_price": "$.05/ oz", "name": "Ocean Spray Blueberry Juice Drink Diet", "cnid": "393", "productId": "157658", "size": "64 oz btl"},
{"thumb": "http://i4.peapod.com/c/KK/KKNHZ.gif", "price": "349", "unit_price": "$.05/ oz", "name": "Ocean Spray Cran-Apple Juice Drink", "cnid": "393", "productId": "3029", "size": "64 oz btl"},
{"thumb": "http://i4.peapod.com/c/KK/KKNHZ.gif", "price": "349", "unit_price": "$.05/ oz", "name": "Ocean Spray Cranberry & Concord Grape Juice Drink Light", "cnid": "393", "productId": "134110", "size": "64 oz btl"},
{"thumb": "http://i4.peapod.com/c/KK/KKNHZ.gif", "price": "349", "unit_price": "$.05/ oz", "name": "Ocean Spray Cranberry & Raspberry Juice Drink Light", "cnid": "393", "productId": "126413", "size": "64 oz btl"},
{"thumb": "http://i4.peapod.com/c/KK/KKNHZ.gif", "price": "349", "unit_price": "$.05/ oz", "name": "Ocean Spray Cranberry Juice Cocktail", "cnid": "393", "productId": "3025", "size": "64 oz btl"},
{"thumb": "http://i4.peapod.com/c/KK/KKNHZ.gif", "price": "369", "unit_price": "$.08/ oz", "name": "Ocean Spray Cranberry Juice Cocktail - 4 pk", "cnid": "393", "productId": "132824", "size": "12 oz btl"},
{"thumb": "http://i4.peapod.com/c/KK/KKNHZ.gif", "price": "349", "unit_price": "$.05/ oz", "name": "Ocean Spray Cranberry Juice Cocktail with Calcium", "cnid": "393", "productId": "113075", "size": "64 oz btl"},
{"thumb": "http://i4.peapod.com/c/KK/KKNHZ.gif", "price": "349", "unit_price": "$.05/ oz", "name": "Ocean Spray Cranberry Juice Drink Diet", "cnid": "393", "productId": "146354", "size": "64 oz btl"},
{"thumb": "http://i4.peapod.com/c/KK/KKNHZ.gif", "price": "349", "unit_price": "$.05/ oz", "name": "Ocean Spray Cranberry Juice Drink Light", "cnid": "393", "productId": "126412", "size": "64 oz btl"},
{"thumb": "http://i4.peapod.com/c/KK/KKNHZ.gif", "price": "369", "unit_price": "$.08/ oz", "name": "Ocean Spray Cranberry Juice Drink Light - 4 pk", "cnid": "393", "productId": "141619", "size": "12 oz btl"},
{"thumb": "http://i4.peapod.com/c/KK/KKNHZ.gif", "price": "349", "unit_price": "$.05/ oz", "name": "Ocean Spray Cranberry Pomegranate Juice Drink Diet", "cnid": "393", "productId": "154256", "size": "64 oz btl"},
{"thumb": "http://i4.peapod.com/c/KK/KKNHZ.gif", "price": "349", "unit_price": "$.05/ oz", "name": "Ocean Spray Cran-Grape Juice Drink", "cnid": "393", "productId": "22751", "size": "64 oz btl"},
{"thumb": "http://i4.peapod.com/c/KK/KKNHZ.gif", "price": "349", "unit_price": "$.05/ oz", "name": "Ocean Spray Cran-Pomegranate Juice Drink", "cnid": "393", "productId": "154257", "size": "64 oz btl"},
{"thumb": "http://i4.peapod.com/c/KK/KKNHZ.gif", "price": "349", "unit_price": "$.05/ oz", "name": "Ocean Spray Cran-Raspberry Juice Drink", "cnid": "393", "productId": "3032", "size": "64 oz btl"},
{"thumb": "http://i4.peapod.com/c/KK/KKNHZ.gif", "price": "349", "unit_price": "$.05/ oz", "name": "Ocean Spray Cran-Strawberry Juice Drink", "cnid": "393", "productId": "3043", "size": "64 oz btl"},
{"thumb": "http://i4.peapod.com/c/KK/KKNHZ.gif", "price": "349", "unit_price": "$.05/ oz", "name": "Ocean Spray Cran-Tangerine Juice Drink", "cnid": "393", "productId": "95225", "size": "64 oz btl"},
{"thumb": "http://i4.peapod.com/c/KK/KKNHZ.gif", "price": "359", "unit_price": "$.06/ oz", "name": "Ocean Spray Ruby Red Grapefruit Juice Drink Light", "cnid": "393", "productId": "134280", "size": "64 oz btl"},
{"thumb": "http://i4.peapod.com/c/KK/KKNHZ.gif", "price": "549", "unit_price": "$.09/ oz", "name": "Odwalla 100% Pure Pressed Carrot Juice All Natural Fresh", "cnid": "393", "productId": "30324", "size": "64 oz btl"},
{"thumb": "http://i4.peapod.com/c/KK/KKNHZ.gif", "price": "599", "unit_price": "$.09/ oz", "name": "Odwalla 100% Pure Squeezed Orange Juice All Natural Fresh", "cnid": "393", "productId": "128929", "size": "64 oz btl"},
{"thumb": "http://i4.peapod.com/c/KK/KKNHZ.gif", "price": "799", "unit_price": "$.12/ oz", "name": "Odwalla Blueberry B Monster Smoothie B Vitamin & Fruit Blend Fresh", "cnid": "393", "productId": "150556", "size": "64 oz btl"},
{"thumb": "http://i4.peapod.com/c/KK/KKNHZ.gif", "price": "299", "unit_price": "$.25/ oz", "name": "Odwalla C Monster Strawberry C Fruit Smoothie Blend Fresh", "cnid": "393", "productId": "128927", "size": "12 oz btl"},
{"thumb": "http://i4.peapod.com/c/KK/KKNHZ.gif", "price": "250", "unit_price": "$.21/ oz", "name": "Odwalla Mango Super Protein Soy Shake Fresh", "cnid": "393", "productId": "159113", "size": "12 oz btl"},
{"thumb": "http://i4.peapod.com/c/KK/KKNHZ.gif", "price": "799", "unit_price": "$.12/ oz", "name": "Odwalla Mango Tango Fruit Smoothie Blend All Natural Fresh", "cnid": "393", "productId": "153155", "size": "64 oz btl"},
{"thumb": "http://i4.peapod.com/c/KK/KKNHZ.gif", "price": "299", "unit_price": "$.25/ oz", "name": "Odwalla Mango Tango Fruit Smoothie Blend Fresh", "cnid": "393", "productId": "122668", "size": "12 oz btl"},
{"thumb": "http://i4.peapod.com/c/KK/KKNHZ.gif", "price": "999", "unit_price": "$.16/ oz", "name": "Odwalla PomaGrand Pomegranate Juice from Concentrate Fresh", "cnid": "393", "productId": "140087", "size": "64 oz btl"},
{"thumb": "http://i4.peapod.com/c/KK/KKNHZ.gif", "price": "299", "unit_price": "$.25/ oz", "name": "Odwalla Strawberry Banana Fruit Smoothie Blend Fresh", "cnid": "393", "productId": "128925", "size": "12 oz btl"},
{"thumb": "http://i4.peapod.com/c/KK/KKNHZ.gif", "price": "299", "unit_price": "$.25/ oz", "name": "Odwalla Superfood Blueberry B Fruit Smoothie Blend Fresh", "cnid": "393", "productId": "136709", "size": "12 oz btl"},
{"thumb": "http://i4.peapod.com/c/KK/KKNHZ.gif", "price": "299", "unit_price": "$.25/ oz", "name": "Odwalla Superfood Original Fruit Smoothie Blend Fresh", "cnid": "393", "productId": "39740", "size": "12 oz btl"},
{"thumb": "http://i4.peapod.com/c/KK/KKNHZ.gif", "price": "799", "unit_price": "$.12/ oz", "name": "Odwalla Superfood Original Micronutrient Fruit Juice Drink Fresh", "cnid": "393", "productId": "136710", "size": "64 oz btl"},
{"thumb": "http://i4.peapod.com/c/KK/KKNHZ.gif", "price": "299", "unit_price": "$.19/ oz", "name": "POM Wonderful 100% Pomegranate Blueberry Juice All Natural Fresh", "cnid": "393", "productId": "133692", "size": "16 oz btl"},
{"thumb": "http://i4.peapod.com/c/KK/KKNHZ.gif", "price": "1049", "unit_price": "$.22/ oz", "name": "POM Wonderful 100% Pomegranate Blueberry Juice All Natural Fresh", "cnid": "393", "productId": "159112", "size": "48 oz btl"},
{"thumb": "http://i4.peapod.com/c/KK/KKNHZ.gif", "price": "299", "unit_price": "$.19/ oz", "name": "POM Wonderful 100% Pomegranate Juice Fresh", "cnid": "393", "productId": "132943", "size": "16 oz btl"},
{"thumb": "http://i4.peapod.com/c/KK/KKNHZ.gif", "price": "1049", "unit_price": "$.22/ oz", "name": "POM Wonderful 100% Pomegranate Juice Fresh", "cnid": "393", "productId": "135104", "size": "48 oz btl"},
{"thumb": "http://i4.peapod.com/c/KK/KKNHZ.gif", "price": "899", "unit_price": "$.75/ ea", "name": "Cafe Escapes Hot Cocoa Milk Chocolate K-Cups", "cnid": "382", "productId": "157099", "size": "12 ct box"},
{"thumb": "http://i4.peapod.com/c/KK/KKNHZ.gif", "price": "349", "unit_price": "$.16/ oz", "name": "Fox's U-Bet Syrup Original Chocolate Flavor", "cnid": "382", "productId": "149545", "size": "22 oz btl"},
{"thumb": "http://i4.peapod.com/c/KK/KKNHZ.gif", "price": "279", "unit_price": "$.12/ oz", "name": "Hershey's Syrup +Calcium Genuine Chocolate Flavor", "cnid": "382", "productId": "145547", "size": "24 oz btl"},
{"thumb": "http://i4.peapod.com/c/KK/KKNHZ.gif", "price": "499", "unit_price": "$.10/ oz", "name": "Hershey's Syrup Genuine Chocolate Flavor", "cnid": "382", "productId": "29994", "size": "48 oz jug"},
{"thumb": "http://i4.peapod.com/c/KK/KKNHZ.gif", "price": "279", "unit_price": "$.15/ oz", "name": "Hershey's Syrup Genuine Chocolate Flavor Lite", "cnid": "382", "productId": "43659", "size": "18.5 oz btl"},
{"thumb": "http://i4.peapod.com/c/KK/KKNHZ.gif", "price": "279", "unit_price": "$.13/ oz", "name": "Hershey's Syrup Special Dark", "cnid": "382", "productId": "166403", "size": "22 oz btl"},
{"thumb": "http://i4.peapod.com/c/KK/KKNHZ.gif", "price": "279", "unit_price": "$.13/ oz", "name": "Hershey's Syrup Strawberry", "cnid": "382", "productId": "12901", "size": "22 oz btl"},
{"thumb": "http://i4.peapod.com/c/KK/KKNHZ.gif", "price": "50", "unit_price": "$.40/ oz", "name": "LAND O LAKES Cocoa Classics Hot Cocoa Mix French Vanilla", "cnid": "382", "productId": "161960", "size": "1.25 oz pkt"},
{"thumb": "http://i4.peapod.com/c/KK/KKNHZ.gif", "price": "50", "unit_price": "$.40/ oz", "name": "LAND O LAKES Cocoa Classics Hot Cocoa Mix Hazelnut & Chocolate", "cnid": "382", "productId": "151551", "size": "1.25 oz pkt"},
{"thumb": "http://i4.peapod.com/c/KK/KKNHZ.gif", "price": "50", "unit_price": "$.40/ oz", "name": "LAND O LAKES Cocoa Classics Hot Cocoa Mix Raspberry & Chocolate", "cnid": "382", "productId": "151553", "size": "1.25 oz pkt"},
{"thumb": "http://i4.peapod.com/c/KK/KKNHZ.gif", "price": "549", "unit_price": "$.25/ oz", "name": "Nestle Nesquik Chocolate Flavor Powder 25% Less Sugar", "cnid": "382", "productId": "2556", "size": "21.8 oz can"},
{"thumb": "http://i4.peapod.com/c/KK/KKNHZ.gif", "price": "549", "unit_price": "$.25/ oz", "name": "Nestle Nesquik Strawberry 25% Less Sugar", "cnid": "382", "productId": "163174", "size": "21.8 oz can"},
{"thumb": "http://i4.peapod.com/c/KK/KKNHZ.gif", "price": "249", "unit_price": "$.11/ oz", "name": "Nestle Nesquik Syrup Chocolate", "cnid": "382", "productId": "27443", "size": "22 oz btl"},
{"thumb": "http://i4.peapod.com/c/KK/KKNHZ.gif", "price": "475", "unit_price": "$.40/ oz", "name": "Ovaltine Chocolate Malt Drink Mix", "cnid": "382", "productId": "6160", "size": "12 oz can"},
{"thumb": "http://i4.peapod.com/c/KK/KKNHZ.gif", "price": "475", "unit_price": "$.40/ oz", "name": "Ovaltine Rich Chocolate Drink Mix", "cnid": "382", "productId": "16135", "size": "12 oz can"},
{"thumb": "http://i4.peapod.com/c/KK/KKNHZ.gif", "price": "279", "unit_price": "$.14/ oz", "name": "Stop & Shop Hot Cocoa Mix", "cnid": "382", "productId": "57121", "size": "20 oz can"},
{"thumb": "http://i4.peapod.com/c/KK/KKNHZ.gif", "price": "899", "unit_price": "$.75/ ea", "name": "Swiss Miss Classics Hot Cocoa Milk Chocolate with Non Fat Milk K-Cups", "cnid": "382", "productId": "174913", "size": "12 ct box"},
{"thumb": "http://i4.peapod.com/c/KK/KKNHZ.gif", "price": "649", "unit_price": "$.23/ oz", "name": "Swiss Miss Classics Hot Cocoa Mix Milk Chocolate", "cnid": "382", "productId": "175043", "size": "28.5 oz can"},
{"thumb": "http://i4.peapod.com/c/KK/KKNHZ.gif", "price": "200", "unit_price": "$.27/ oz", "name": "Swiss Miss Hot Cocoa Mix Milk Chocolate - 10 ct", "cnid": "382", "productId": "1058", "size": "7.3 oz box"},
{"thumb": "http://i4.peapod.com/c/KK/KKNHZ.gif", "price": "200", "unit_price": "$.20/ oz", "name": "Swiss Miss Indulgent Collection Hot Cocoa Mix Dark Chocolate Sensation-8ct", "cnid": "382", "productId": "44720", "size": "10 oz box"},
{"thumb": "http://i4.peapod.com/c/KK/KKNHZ.gif", "price": "299", "unit_price": "$1.30/ oz", "name": "Swiss Miss Sensible Sweets Hot Cocoa Mix Diet - 8 ct", "cnid": "382", "productId": "123538", "size": "2.3 oz box"},
{"thumb": "http://i4.peapod.com/c/KK/KKNHZ.gif", "price": "299", "unit_price": "$.68/ oz", "name": "Swiss Miss Sensible Sweets Hot Cocoa Mix No Sugar Added - 8 ct", "cnid": "382", "productId": "1053", "size": "4.4 oz box"},
{"thumb": "http://i4.peapod.com/c/KK/KKNHZ.gif", "price": "959", "unit_price": "$.80/ ea", "name": "Barista Prima Coffeehouse Colombia Medium-Dark Roast Coffee K-Cups", "cnid": "366", "productId": "184280", "size": "12 ct box"},
{"thumb": "http://i4.peapod.com/c/KK/KKNHZ.gif", "price": "959", "unit_price": "$.80/ ea", "name": "Barista Prima Coffeehouse Italian Roast Dark Roast Coffee K-Cups", "cnid": "366", "productId": "186535", "size": "12 ct box"},
{"thumb": "http://i4.peapod.com/c/KK/KKNHZ.gif", "price": "250", "unit_price": "$.16/ oz", "name": "Bolthouse Farms Perfectly Protein Hazelnut Latte Fresh", "cnid": "366", "productId": "159082", "size": "15.2 oz btl"},
{"thumb": "http://i4.peapod.com/c/KK/KKNHZ.gif", "price": "250", "unit_price": "$.16/ oz", "name": "Bolthouse Farms Perfectly Protein Mocha Cappuccino Fresh", "cnid": "366", "productId": "159078", "size": "15.2 oz btl"},
{"thumb": "http://i4.peapod.com/c/KK/KKNHZ.gif", "price": "399", "unit_price": "$.12/ oz", "name": "Bolthouse Farms Perfectly Protein Mocha Cappuccino Fresh", "cnid": "366", "productId": "143528", "size": "32 oz btl"},
{"thumb": "http://i4.peapod.com/c/KK/KKNHZ.gif", "price": "399", "unit_price": "$.40/ oz", "name": "Cafe Bustelo Dark Roast Coffee Decaffeinated (Ground)", "cnid": "366", "productId": "33265", "size": "10 oz can"},
{"thumb": "http://i4.peapod.com/c/KK/KKNHZ.gif", "price": "299", "unit_price": "$.30/ oz", "name": "Cafe Bustelo Dark Roast Espresso Coffee (Ground)", "cnid": "366", "productId": "58288", "size": "10 oz can"},
{"thumb": "http://i4.peapod.com/c/KK/KKNHZ.gif", "price": "849", "unit_price": "$.71/ ea", "name": "Caribou Caribou Blend Medium Roast Coffee K-Cups", "cnid": "366", "productId": "157097", "size": "12 ct box"},
{"thumb": "http://i4.peapod.com/c/KK/KKNHZ.gif", "price": "849", "unit_price": "$.71/ ea", "name": "Caribou Daybreak Morning Blend Light Roast Coffee K-Cups", "cnid": "366", "productId": "158153", "size": "12 ct box"},
{"thumb": "http://i4.peapod.com/c/KK/KKNHZ.gif", "price": "1349", "unit_price": "$.49/ oz", "name": "Chock Full O'Nuts 100% Colombian Coffee (Ground)", "cnid": "366", "productId": "175046", "size": "27.8 oz can"},
{"thumb": "http://i4.peapod.com/c/KK/KKNHZ.gif", "price": "579", "unit_price": "$.56/ oz", "name": "Chock Full O'Nuts 100% Colombian Coffee (Ground)", "cnid": "366", "productId": "77453", "size": "10.3 oz can"},
{"thumb": "http://i4.peapod.com/c/KK/KKNHZ.gif", "price": "549", "unit_price": "$.53/ oz", "name": "Chock Full O'Nuts French Roast Coffee (Ground)", "cnid": "366", "productId": "58293", "size": "10.3 oz can"},
{"thumb": "http://i4.peapod.com/c/KK/KKNHZ.gif", "price": "549", "unit_price": "$.49/ oz", "name": "Chock Full O'Nuts Original Coffee (Ground)", "cnid": "366", "productId": "8321", "size": "11.3 oz can"},
{"thumb": "http://i4.peapod.com/c/KK/KKNHZ.gif", "price": "1249", "unit_price": "$.37/ oz", "name": "Chock Full O'Nuts Original Medium Roast Coffee (Ground)", "cnid": "366", "productId": "73434", "size": "33.9 oz can"},
{"thumb": "http://i4.peapod.com/c/KK/KKNHZ.gif", "price": "799", "unit_price": "$.67/ ea", "name": "Donut House Collection Donut House Decaf Light Roast Coffee K-Cups", "cnid": "366", "productId": "161891", "size": "12 ct box"},
{"thumb": "http://i4.peapod.com/c/KK/KKNHZ.gif", "price": "799", "unit_price": "$.67/ ea", "name": "Donut House Collection Donut House Light Roast Coffee K-Cups", "cnid": "366", "productId": "161892", "size": "12 ct box"},
{"thumb": "http://i4.peapod.com/c/KK/KKNHZ.gif", "price": "699", "unit_price": "$.58/ oz", "name": "Dunkin' Donuts Cinnamon Spice Coffee (Ground)", "cnid": "366", "productId": "146624", "size": "12 oz bag"},
{"thumb": "http://i4.peapod.com/c/KK/KKNHZ.gif", "price": "699", "unit_price": "$.63/ oz", "name": "Dunkin' Donuts Dark Roast Coffee (Ground)", "cnid": "366", "productId": "155261", "size": "11 oz bag"},
{"thumb": "http://i4.peapod.com/c/KK/KKNHZ.gif", "price": "699", "unit_price": "$.58/ oz", "name": "Dunkin' Donuts French Vanilla Coffee (Ground)", "cnid": "366", "productId": "146625", "size": "12 oz bag"},
{"thumb": "http://i4.peapod.com/c/KK/KKNHZ.gif", "price": "699", "unit_price": "$.58/ oz", "name": "Dunkin' Donuts Hazelnut Coffee (Ground)", "cnid": "366", "productId": "146139", "size": "12 oz bag"},
{"thumb": "http://i4.peapod.com/c/KK/KKNHZ.gif", "price": "699", "unit_price": "$.58/ oz", "name": "Dunkin' Donuts Original Blend Medium Roast Coffee (Ground)", "cnid": "366", "productId": "146141", "size": "12 oz bag"},
{"thumb": "http://i4.peapod.com/c/KK/KKNHZ.gif", "price": "1599", "unit_price": "$.67/ oz", "name": "Dunkin' Donuts Original Blend Medium Roast Coffee (Ground)", "cnid": "366", "productId": "153576", "size": "24 oz bag"},
{"thumb": "http://i4.peapod.com/c/KK/KKNHZ.gif", "price": "699", "unit_price": "$.58/ oz", "name": "Dunkin' Donuts Original Blend Medium Roast Coffee (Whole Bean)", "cnid": "366", "productId": "146138", "size": "12 oz bag"},
{"thumb": "http://i4.peapod.com/c/KK/KKNHZ.gif", "price": "699", "unit_price": "$.58/ oz", "name": "Dunkin' Donuts Original Coffee Decaffeinated (Ground)", "cnid": "366", "productId": "146140", "size": "12 oz bag"},
{"thumb": "http://i4.peapod.com/c/KK/KKNHZ.gif", "price": "649", "unit_price": "$.59/ oz", "name": "Eight O'Clock 100% Colombian Medium Roast Coffee (Automatic Grind)", "cnid": "366", "productId": "141614", "size": "11 oz bag"},
{"thumb": "http://i4.peapod.com/c/KK/KKNHZ.gif", "price": "1599", "unit_price": "$.49/ oz", "name": "Eight O'Clock 100% Colombian Medium Roast Coffee (Whole Bean)", "cnid": "366", "productId": "34529", "size": "33 oz bag"},
{"thumb": "http://i4.peapod.com/c/KK/KKNHZ.gif", "price": "649", "unit_price": "$.59/ oz", "name": "Eight O'Clock French Vanilla Coffee (Ground)", "cnid": "366", "productId": "148610", "size": "11 oz bag"},
{"thumb": "http://i4.peapod.com/c/KK/KKNHZ.gif", "price": "649", "unit_price": "$.59/ oz", "name": "Eight O'Clock Hazelnut Coffee (Ground)", "cnid": "366", "productId": "141615", "size": "11 oz bag"},
{"thumb": "http://i4.peapod.com/c/KK/KKNHZ.gif", "price": "1599", "unit_price": "$.44/ oz", "name": "Eight O'Clock Original Blend Coffee (Ground)", "cnid": "366", "productId": "150928", "size": "36 oz bag"},
{"thumb": "http://i4.peapod.com/c/KK/KKNHZ.gif", "price": "1599", "unit_price": "$.44/ oz", "name": "Eight O'Clock Original Coffee (Whole Bean)", "cnid": "366", "productId": "378", "size": "36 oz bag"},
{"thumb": "http://i4.peapod.com/c/KK/KKNHZ.gif", "price": "469", "unit_price": "$2.35/ oz", "name": "Ferrara Espresso Instant Coffee", "cnid": "366", "productId": "156869", "size": "2 oz jar"},
{"thumb": "http://i4.peapod.com/c/KK/KKNHZ.gif", "price": "1299", "unit_price": "$.47/ oz", "name": "Folgers 100% Colombian Medium Dark Coffee (Ground)", "cnid": "366", "productId": "44528", "size": "27.8 oz can"},
{"thumb": "http://i4.peapod.com/c/KK/KKNHZ.gif", "price": "469", "unit_price": "$.46/ oz", "name": "Folgers Black Silk Dark Coffee (Ground)", "cnid": "366", "productId": "167719", "size": "10.3 oz can"},
{"thumb": "http://i4.peapod.com/c/KK/KKNHZ.gif", "price": "469", "unit_price": "$.43/ oz", "name": "Folgers Breakfast Blend Mild Coffee (Ground)", "cnid": "366", "productId": "89681", "size": "10.8 oz can"},
{"thumb": "http://i4.peapod.com/c/KK/KKNHZ.gif", "price": "599", "unit_price": "$2.00/ oz", "name": "Folgers Classic Coffee Decaffeinated Singles - 19 ct", "cnid": "366", "productId": "2350", "size": "3 oz box"},
{"thumb": "http://i4.peapod.com/c/KK/KKNHZ.gif", "price": "649", "unit_price": "$.57/ oz", "name": "Folgers Classic Decaf Medium Roast Coffee (Ground)", "cnid": "366", "productId": "19766", "size": "11.3 oz can"},
{"thumb": "http://i4.peapod.com/c/KK/KKNHZ.gif", "price": "469", "unit_price": "$.43/ oz", "name": "Folgers Classic Roast 1/2 Caffeine Medium Coffee (Ground)", "cnid": "366", "productId": "117773", "size": "10.8 oz can"},
{"thumb": "http://i4.peapod.com/c/KK/KKNHZ.gif", "price": "599", "unit_price": "$2.00/ oz", "name": "Folgers Classic Roast Coffee Singles - 19 ct", "cnid": "366", "productId": "2349", "size": "3 oz box"},
{"thumb": "http://i4.peapod.com/c/KK/KKNHZ.gif", "price": "469", "unit_price": "$1.56/ oz", "name": "Folgers Classic Roast Instant Coffee Crystals", "cnid": "366", "productId": "2340", "size": "3 oz jar"},
{"thumb": "http://i4.peapod.com/c/KK/KKNHZ.gif", "price": "999", "unit_price": "$.83/ oz", "name": "Folgers Classic Roast Instant Coffee Crystals", "cnid": "366", "productId": "27331", "size": "12 oz jar"},
{"thumb": "http://i4.peapod.com/c/KK/KKNHZ.gif", "price": "699", "unit_price": "$.87/ oz", "name": "Folgers Classic Roast Instant Coffee Crystals", "cnid": "366", "productId": "2341", "size": "8 oz jar"},
{"thumb": "http://i4.peapod.com/c/KK/KKNHZ.gif", "price": "469", "unit_price": "$.41/ oz", "name": "Folgers Classic Roast Medium Coffee (Ground)", "cnid": "366", "productId": "13746", "size": "11.3 oz can"},
{"thumb": "http://i4.peapod.com/c/KK/KKNHZ.gif", "price": "1149", "unit_price": "$.34/ oz", "name": "Folgers Classic Roast Medium Coffee (Ground)", "cnid": "366", "productId": "16290", "size": "33.9 oz can"},
{"thumb": "http://i4.peapod.com/c/KK/KKNHZ.gif", "price": "849", "unit_price": "$.71/ ea", "name": "Folgers Gourmet Selections Lively Colombian Medium Roast Coffee K-Cups", "cnid": "366", "productId": "167535", "size": "12 ct box"},
{"thumb": "http://i4.peapod.com/c/KK/KKNHZ.gif", "price": "849", "unit_price": "$.71/ ea", "name": "Folgers Gourmet Selections Vanilla Biscotti Coffee K-Cups", "cnid": "366", "productId": "169582", "size": "12 ct box"},
{"thumb": "http://i4.peapod.com/c/KK/KKNHZ.gif", "price": "1149", "unit_price": "$.41/ oz", "name": "Folgers Gourmet Supreme Coffee (Ground)", "cnid": "366", "productId": "72069", "size": "27.8 oz can"},
{"thumb": "http://i4.peapod.com/c/KK/KKNHZ.gif", "price": "799", "unit_price": "$1.00/ oz", "name": "Folgers Instant Coffee Crystals Classic Decaf", "cnid": "366", "productId": "2342", "size": "8 oz jar"},
{"thumb": "http://i4.peapod.com/c/KK/KKNHZ.gif", "price": "849", "unit_price": "$.71/ ea", "name": "Green Mountain Breakfast Blend Light Roast Coffee Decaffeinated K-Cups", "cnid": "366", "productId": "158161", "size": "12 ct box"},
{"thumb": "http://i4.peapod.com/c/KK/KKNHZ.gif", "price": "849", "unit_price": "$.71/ ea", "name": "Green Mountain Breakfast Blend Light Roast Coffee K-Cups", "cnid": "366", "productId": "157098", "size": "12 ct box"},
{"thumb": "http://i4.peapod.com/c/KK/KKNHZ.gif", "price": "899", "unit_price": "$.75/ oz", "name": "Green Mountain Coffee Decaffeinated (Ground)", "cnid": "366", "productId": "148612", "size": "12 oz bag"},
{"thumb": "http://i4.peapod.com/c/KK/KKNHZ.gif", "price": "849", "unit_price": "$.71/ ea", "name": "Green Mountain French Vanilla Light Roast Coffee K-Cups", "cnid": "366", "productId": "158157", "size": "12 ct box"},
{"thumb": "http://i4.peapod.com/c/KK/KKNHZ.gif", "price": "849", "unit_price": "$.71/ ea", "name": "Green Mountain Hazelnut Light Roast Coffee K-Cups", "cnid": "366", "productId": "156430", "size": "12 ct box"},
{"thumb": "http://i4.peapod.com/c/KK/KKNHZ.gif", "price": "849", "unit_price": "$.71/ ea", "name": "Green Mountain Nantucket Blend Medium Roast Coffee K-Cups", "cnid": "366", "productId": "156429", "size": "12 ct box"},
{"thumb": "http://i4.peapod.com/c/KK/KKNHZ.gif", "price": "899", "unit_price": "$.75/ oz", "name": "Green Mountain Our Blend Coffee (Ground)", "cnid": "366", "productId": "155858", "size": "12 oz bag"},
{"thumb": "http://i4.peapod.com/c/KK/KKNHZ.gif", "price": "899", "unit_price": "$.75/ oz", "name": "Green Mountain Signature Breakfast Blend Coffee (Ground)", "cnid": "366", "productId": "116826", "size": "12 oz bag"},
{"thumb": "http://i4.peapod.com/c/KK/KKNHZ.gif", "price": "899", "unit_price": "$.75/ oz", "name": "Green Mountain Vermont Country Blend Coffee (Ground)", "cnid": "366", "productId": "116829", "size": "12 oz bag"},
{"thumb": "http://i4.peapod.com/c/KK/KKNHZ.gif", "price": "550", "unit_price": "$.16/ oz", "name": "Guaranteed Value Coffee Medium Roast (Ground)", "cnid": "366", "productId": "172229", "size": "34.5 oz can"},
{"thumb": "http://i4.peapod.com/c/KK/KKNHZ.gif", "price": "619", "unit_price": "$.52/ oz", "name": "Harmony Bay French Vanilla Creme Coffee (Ground)", "cnid": "366", "productId": "138200", "size": "12 oz can"},
{"thumb": "http://i4.peapod.com/c/KK/KKNHZ.gif", "price": "629", "unit_price": "$.52/ oz", "name": "Harmony Bay Hazelnut Coffee Decaffeinated (Ground)", "cnid": "366", "productId": "138202", "size": "12 oz can"},
{"thumb": "http://i4.peapod.com/c/KK/KKNHZ.gif", "price": "394", "unit_price": "$.06/ oz", "name": "International Delight Mocha Iced Coffee Refrigerated", "cnid": "366", "productId": "185714", "size": "64 oz ctn"},
{"thumb": "http://i4.peapod.com/c/KK/KKNHZ.gif", "price": "394", "unit_price": "$.06/ oz", "name": "International Delight Original Iced Coffee Refrigerated", "cnid": "366", "productId": "185713", "size": "64 oz ctn"},
{"thumb": "http://i4.peapod.com/c/KK/KKNHZ.gif", "price": "649", "unit_price": "$.81/ oz", "name": "LavAzza Premium Caffe Espresso Coffee (Ground)", "cnid": "366", "productId": "36365", "size": "8 oz can"},
{"thumb": "http://i4.peapod.com/c/KK/KKNHZ.gif", "price": "1299", "unit_price": "$.46/ oz", "name": "Maxwell House 100% Colombian Coffee (Ground)", "cnid": "366", "productId": "90495", "size": "28 oz can"},
{"thumb": "http://i4.peapod.com/c/KK/KKNHZ.gif", "price": "499", "unit_price": "$.47/ oz", "name": "Maxwell House 100% Colombian Coffee (Ground)", "cnid": "366", "productId": "62253", "size": "10.5 oz can"},
{"thumb": "http://i4.peapod.com/c/KK/KKNHZ.gif", "price": "349", "unit_price": "$.30/ oz", "name": "Maxwell House Coffee (Ground)", "cnid": "366", "productId": "6025", "size": "11.5 oz can"},
{"thumb": "http://i4.peapod.com/c/KK/KKNHZ.gif", "price": "499", "unit_price": "$.50/ ea", "name": "Maxwell House Coffee Ground Filter Packs", "cnid": "366", "productId": "6028", "size": "10 ct box"},
{"thumb": "http://i4.peapod.com/c/KK/KKNHZ.gif", "price": "349", "unit_price": "$.32/ oz", "name": "Maxwell House Coffee Lite 50% Less Caffeine (Ground)", "cnid": "366", "productId": "61990", "size": "11 oz can"},
{"thumb": "http://i4.peapod.com/c/KK/KKNHZ.gif", "price": "629", "unit_price": "$.57/ oz", "name": "Maxwell House Coffee Naturally Decaffeinated (Ground)", "cnid": "366", "productId": "6035", "size": "11 oz can"},
{"thumb": "http://i4.peapod.com/c/KK/KKNHZ.gif", "price": "899", "unit_price": "$.31/ oz", "name": "Maxwell House French Roast Coffee (Ground)", "cnid": "366", "productId": "26996", "size": "29.3 oz can"},
{"thumb": "http://i4.peapod.com/c/KK/KKNHZ.gif", "price": "999", "unit_price": "$.83/ oz", "name": "Maxwell House Instant Coffee", "cnid": "366", "productId": "16321", "size": "12 oz jar"},
{"thumb": "http://i4.peapod.com/c/KK/KKNHZ.gif", "price": "379", "unit_price": "$.92/ oz", "name": "Maxwell House International Cafe Suisse Mocha Beverage Mix", "cnid": "366", "productId": "181342", "size": "4.1 oz can"},
{"thumb": "http://i4.peapod.com/c/KK/KKNHZ.gif", "price": "379", "unit_price": "$.45/ oz", "name": "Maxwell House International French Vanilla Cafe Beverage Mix", "cnid": "366", "productId": "18787", "size": "8.4 oz can"},
{"thumb": "http://i4.peapod.com/c/KK/KKNHZ.gif", "price": "349", "unit_price": "$.30/ oz", "name": "Maxwell House Master Blend Mild Coffee (Ground)", "cnid": "366", "productId": "6033", "size": "11.5 oz can"},
{"thumb": "http://i4.peapod.com/c/KK/KKNHZ.gif", "price": "799", "unit_price": "$1.00/ oz", "name": "Maxwell House Naturally Instant Coffee Decaffeinated", "cnid": "366", "productId": "6047", "size": "8 oz jar"},
{"thumb": "http://i4.peapod.com/c/KK/KKNHZ.gif", "price": "699", "unit_price": "$.87/ oz", "name": "Maxwell House Original Instant Coffee", "cnid": "366", "productId": "6045", "size": "8 oz jar"},
{"thumb": "http://i4.peapod.com/c/KK/KKNHZ.gif", "price": "899", "unit_price": "$.29/ oz", "name": "Maxwell House Original Medium Roast Coffee (Ground)", "cnid": "366", "productId": "23399", "size": "30.6 oz can"},
{"thumb": "http://i4.peapod.com/c/KK/KKNHZ.gif", "price": "219", "unit_price": "$.05/ ea", "name": "Melitta Coffee Filters #4 Natural Brown", "cnid": "366", "productId": "7798", "size": "40 ct pkg"},
{"thumb": "http://i4.peapod.com/c/KK/KKNHZ.gif", "price": "219", "unit_price": "$.05/ ea", "name": "Melitta Coffee Filters Cone #2", "cnid": "366", "productId": "7796", "size": "40 ct pkg"},
{"thumb": "http://i4.peapod.com/c/KK/KKNHZ.gif", "price": "499", "unit_price": "$.05/ ea", "name": "Melitta Coffee Filters Cone #4", "cnid": "366", "productId": "45356", "size": "100 ct pkg"},
{"thumb": "http://i4.peapod.com/c/KK/KKNHZ.gif", "price": "499", "unit_price": "$.05/ ea", "name": "Melitta Coffee Filters Cone #4 Natural Brown", "cnid": "366", "productId": "41821", "size": "100 ct pkg"},
{"thumb": "http://i4.peapod.com/c/KK/KKNHZ.gif", "price": "449", "unit_price": "$.41/ oz", "name": "Melitta Medium Roast Classic Blend Coffee (Extra Fine Grind)", "cnid": "366", "productId": "7794", "size": "11 oz can"},
{"thumb": "http://i4.peapod.com/c/KK/KKNHZ.gif", "price": "599", "unit_price": "$.60/ oz", "name": "Nature's Promise Organics Breakfast Blend Coffee (Ground)", "cnid": "366", "productId": "174926", "size": "10 oz bag"},
{"thumb": "http://i4.peapod.com/c/KK/KKNHZ.gif", "price": "599", "unit_price": "$.60/ oz", "name": "Nature's Promise Organics Colombian Coffee (Ground)", "cnid": "366", "productId": "161922", "size": "10 oz bag"},
{"thumb": "http://i4.peapod.com/c/KK/KKNHZ.gif", "price": "599", "unit_price": "$.60/ oz", "name": "Nature's Promise Organics French Roast Coffee (Ground)", "cnid": "366", "productId": "161923", "size": "10 oz bag"},
{"thumb": "http://i4.peapod.com/c/KK/KKNHZ.gif", "price": "599", "unit_price": "$.60/ oz", "name": "Nature's Promise Organics Sumatra Coffee (Ground)", "cnid": "366", "productId": "161924", "size": "10 oz bag"},
{"thumb": "http://i4.peapod.com/c/KK/KKNHZ.gif", "price": "599", "unit_price": "$.60/ oz", "name": "Nature's Promise Organics Sumatra Coffee Decaffeinated (Ground)", "cnid": "366", "productId": "186660", "size": "10 oz bag"},
{"thumb": "http://i4.peapod.com/c/KK/KKNHZ.gif", "price": "1099", "unit_price": "$1.57/ oz", "name": "Nescafe Taster's Choice French Roast Instant Coffee", "cnid": "366", "productId": "2570", "size": "7 oz jar"},
{"thumb": "http://i4.peapod.com/c/KK/KKNHZ.gif", "price": "1099", "unit_price": "$1.57/ oz", "name": "Nescafe Taster's Choice Gourmet Instant Coffee", "cnid": "366", "productId": "2566", "size": "7 oz jar"},
{"thumb": "http://i4.peapod.com/c/KK/KKNHZ.gif", "price": "399", "unit_price": "$2.59/ oz", "name": "Nescafe Taster's Choice Original Gourmet Instant Coffee Packets - 22 ct", "cnid": "366", "productId": "155900", "size": "1.54 oz box"},
{"thumb": "http://i4.peapod.com/c/KK/KKNHZ.gif", "price": "749", "unit_price": "$.68/ oz", "name": "New England 100% Colombian Supremo Coffee (Ground)", "cnid": "366", "productId": "161917", "size": "11 oz bag"},
{"thumb": "http://i4.peapod.com/c/KK/KKNHZ.gif", "price": "749", "unit_price": "$.62/ oz", "name": "New England Breakfast Blend Medium Roasted Coffee (Ground)", "cnid": "366", "productId": "125262", "size": "12 oz bag"},
{"thumb": "http://i4.peapod.com/c/KK/KKNHZ.gif", "price": "749", "unit_price": "$.75/ oz", "name": "New England Colombian Coffee Decaffeinated (Ground)", "cnid": "366", "productId": "148614", "size": "10 oz bag"},
{"thumb": "http://i4.peapod.com/c/KK/KKNHZ.gif", "price": "749", "unit_price": "$.68/ oz", "name": "New England French Vanilla Medium Roast Coffee (Ground)", "cnid": "366", "productId": "125264", "size": "11 oz bag"},
{"thumb": "http://i4.peapod.com/c/KK/KKNHZ.gif", "price": "749", "unit_price": "$.75/ oz", "name": "New England Hazelnut Coffee Decaffeinated (Ground)", "cnid": "366", "productId": "130781", "size": "10 oz bag"},
{"thumb": "http://i4.peapod.com/c/KK/KKNHZ.gif", "price": "749", "unit_price": "$.68/ oz", "name": "New England Hazelnut Cream Medium Coffee (Ground)", "cnid": "366", "productId": "127766", "size": "11 oz bag"},
{"thumb": "http://i4.peapod.com/c/KK/KKNHZ.gif", "price": "899", "unit_price": "$.90/ oz", "name": "Newman's Own Organics French Roast Coffee (Ground)", "cnid": "366", "productId": "155224", "size": "10 oz bag"},
{"thumb": "http://i4.peapod.com/c/KK/KKNHZ.gif", "price": "899", "unit_price": "$.90/ oz", "name": "Newman's Own Organics Nell's Breakfast Blend Coffee (Ground)", "cnid": "366", "productId": "167344", "size": "10 oz bag"},
{"thumb": "http://i4.peapod.com/c/KK/KKNHZ.gif", "price": "899", "unit_price": "$.90/ oz", "name": "Newman's Own Organics Newman's Special Coffee Decaf (Ground)", "cnid": "366", "productId": "161918", "size": "10 oz bag"},
{"thumb": "http://i4.peapod.com/c/KK/KKNHZ.gif", "price": "899", "unit_price": "$.90/ oz", "name": "Newman's Own Organics Special Blend Coffee (Ground)", "cnid": "366", "productId": "155225", "size": "10 oz bag"},
{"thumb": "http://i4.peapod.com/c/KK/KKNHZ.gif", "price": "849", "unit_price": "$.71/ ea", "name": "Newman's Own Organics Special Blend Extra Bold Coffee Decaffeinated K-Cups", "cnid": "366", "productId": "157096", "size": "12 ct box"},
{"thumb": "http://i4.peapod.com/c/KK/KKNHZ.gif", "price": "849", "unit_price": "$.71/ ea", "name": "Newman's Own Organics Special Blend Extra Bold Medium Roast Coffee K-Cups", "cnid": "366", "productId": "156489", "size": "12 ct box"},
{"thumb": "http://i4.peapod.com/c/KK/KKNHZ.gif", "price": "899", "unit_price": "$.75/ oz", "name": "Peet's Colombia Coffee (Ground)", "cnid": "366", "productId": "153918", "size": "12 oz bag"},
{"thumb": "http://i4.peapod.com/c/KK/KKNHZ.gif", "price": "899", "unit_price": "$.75/ oz", "name": "Peet's French Roast Coffee (Ground)", "cnid": "366", "productId": "153916", "size": "12 oz bag"},
{"thumb": "http://i4.peapod.com/c/KK/KKNHZ.gif", "price": "899", "unit_price": "$.75/ oz", "name": "Peet's French Roast Coffee (Whole Bean)", "cnid": "366", "productId": "161919", "size": "12 oz bag"},
{"thumb": "http://i4.peapod.com/c/KK/KKNHZ.gif", "price": "899", "unit_price": "$.75/ oz", "name": "Peet's House Blend Coffee (Ground)", "cnid": "366", "productId": "153917", "size": "12 oz bag"},
{"thumb": "http://i4.peapod.com/c/KK/KKNHZ.gif", "price": "899", "unit_price": "$.75/ oz", "name": "Peet's House Blend Coffee (Whole Bean)", "cnid": "366", "productId": "153914", "size": "12 oz bag"},
{"thumb": "http://i4.peapod.com/c/KK/KKNHZ.gif", "price": "899", "unit_price": "$.75/ oz", "name": "Peet's House Blend Coffee Decaffeinated (Ground)", "cnid": "366", "productId": "153920", "size": "12 oz bag"},
{"thumb": "http://i4.peapod.com/c/KK/KKNHZ.gif", "price": "899", "unit_price": "$.75/ oz", "name": "Peet's Major Dickason's Blend Coffee (Ground)", "cnid": "366", "productId": "153919", "size": "12 oz bag"},
{"thumb": "http://i4.peapod.com/c/KK/KKNHZ.gif", "price": "899", "unit_price": "$.75/ oz", "name": "Peet's Major Dickason's Blend Coffee (Whole Bean)", "cnid": "366", "productId": "153915", "size": "12 oz bag"},
{"thumb": "http://i4.peapod.com/c/KK/KKNHZ.gif", "price": "899", "unit_price": "$.75/ oz", "name": "Peet's Sumatra Coffee (Ground)", "cnid": "366", "productId": "161920", "size": "12 oz bag"},
{"thumb": "http://i4.peapod.com/c/KK/KKNHZ.gif", "price": "599", "unit_price": "$.50/ oz", "name": "Simply Enjoy Breakfast Blend Coffee (Ground)", "cnid": "366", "productId": "159307", "size": "12 oz bag"},
{"thumb": "http://i4.peapod.com/c/KK/KKNHZ.gif", "price": "599", "unit_price": "$.50/ oz", "name": "Simply Enjoy Vanilla Creme Coffee (Ground)", "cnid": "366", "productId": "159308", "size": "12 oz bag"},
{"thumb": "http://i4.peapod.com/c/KK/KKNHZ.gif", "price": "1049", "unit_price": "$.87/ oz", "name": "Starbucks Bold Espresso Roast Coffee (Ground)", "cnid": "366", "productId": "94057", "size": "12 oz bag"},
{"thumb": "http://i4.peapod.com/c/KK/KKNHZ.gif", "price": "1049", "unit_price": "$.87/ oz", "name": "Starbucks Breakfast Blend Medium Coffee (Ground)", "cnid": "366", "productId": "117409", "size": "12 oz bag"},
{"thumb": "http://i4.peapod.com/c/KK/KKNHZ.gif", "price": "1049", "unit_price": "$.87/ oz", "name": "Starbucks Breakfast Blend Medium Coffee (Whole Bean)", "cnid": "366", "productId": "114040", "size": "12 oz bag"},
{"thumb": "http://i4.peapod.com/c/KK/KKNHZ.gif", "price": "1049", "unit_price": "$.87/ oz", "name": "Starbucks Caffe Verona Bold Coffee (Ground)", "cnid": "366", "productId": "135389", "size": "12 oz bag"},
{"thumb": "http://i4.peapod.com/c/KK/KKNHZ.gif", "price": "1049", "unit_price": "$.87/ oz", "name": "Starbucks Caffe Verona Bold Coffee Decaffeinated (Ground)", "cnid": "366", "productId": "135390", "size": "12 oz bag"},
{"thumb": "http://i4.peapod.com/c/KK/KKNHZ.gif", "price": "499", "unit_price": "$.13/ oz", "name": "Starbucks Coffee Frappuccino - 4 pk", "cnid": "366", "productId": "72990", "size": "9.5 oz btl"},
{"thumb": "http://i4.peapod.com/c/KK/KKNHZ.gif", "price": "1049", "unit_price": "$.87/ oz", "name": "Starbucks Colombia Medium Coffee (Ground)", "cnid": "366", "productId": "94059", "size": "12 oz bag"},
{"thumb": "http://i4.peapod.com/c/KK/KKNHZ.gif", "price": "1049", "unit_price": "$.87/ oz", "name": "Starbucks Colombia Medium Coffee (Whole Bean)", "cnid": "366", "productId": "94053", "size": "12 oz bag"},
{"thumb": "http://i4.peapod.com/c/KK/KKNHZ.gif", "price": "1049", "unit_price": "$.87/ oz", "name": "Starbucks Dark Morning Joe Coffee (Ground)", "cnid": "366", "productId": "135394", "size": "12 oz bag"},
{"thumb": "http://i4.peapod.com/c/KK/KKNHZ.gif", "price": "1049", "unit_price": "$.87/ oz", "name": "Starbucks French Roast Dark Coffee (Ground)", "cnid": "366", "productId": "94061", "size": "12 oz bag"},
{"thumb": "http://i4.peapod.com/c/KK/KKNHZ.gif", "price": "1049", "unit_price": "$.87/ oz", "name": "Starbucks French Roast Dark Coffee (Whole Bean)", "cnid": "366", "productId": "94056", "size": "12 oz bag"},
{"thumb": "http://i4.peapod.com/c/KK/KKNHZ.gif", "price": "1049", "unit_price": "$.87/ oz", "name": "Starbucks House Blend Medium Coffee (Ground)", "cnid": "366", "productId": "112148", "size": "12 oz bag"},
{"thumb": "http://i4.peapod.com/c/KK/KKNHZ.gif", "price": "1049", "unit_price": "$.87/ oz", "name": "Starbucks House Blend Medium Coffee Decaffeinated (Ground)", "cnid": "366", "productId": "94060", "size": "12 oz bag"},
{"thumb": "http://i4.peapod.com/c/KK/KKNHZ.gif", "price": "1049", "unit_price": "$.87/ oz", "name": "Starbucks Italian Roast Coffee (Ground)", "cnid": "366", "productId": "135392", "size": "12 oz bag"},
{"thumb": "http://i4.peapod.com/c/KK/KKNHZ.gif", "price": "499", "unit_price": "$.13/ oz", "name": "Starbucks Mocha Frappuccino - 4 pk", "cnid": "366", "productId": "72991", "size": "9.5 oz btl"},
{"thumb": "http://i4.peapod.com/c/KK/KKNHZ.gif", "price": "1049", "unit_price": "$.95/ oz", "name": "Starbucks Natural Fusions Caramel Coffee (Ground)", "cnid": "366", "productId": "160676", "size": "11 oz bag"},
{"thumb": "http://i4.peapod.com/c/KK/KKNHZ.gif", "price": "1049", "unit_price": "$.87/ oz", "name": "Starbucks Sumatra Dark Coffee (Ground)", "cnid": "366", "productId": "135393", "size": "12 oz bag"},
{"thumb": "http://i4.peapod.com/c/KK/KKNHZ.gif", "price": "499", "unit_price": "$.13/ oz", "name": "Starbucks Vanilla Frappuccino - 4 pk", "cnid": "366", "productId": "94186", "size": "9.5 oz btl"},
{"thumb": "http://i4.peapod.com/c/KK/KKNHZ.gif", "price": "799", "unit_price": "$8.59/ oz", "name": "Starbucks VIA Ready Brew Instant Coffee Colombia Medium - 8 ct", "cnid": "366", "productId": "172821", "size": ".93 oz pkg"},
{"thumb": "http://i4.peapod.com/c/KK/KKNHZ.gif", "price": "350", "unit_price": "$.32/ oz", "name": "Stop & Shop 100% Colombian Coffee (Ground)", "cnid": "366", "productId": "62001", "size": "11 oz can"},
{"thumb": "http://i4.peapod.com/c/KK/KKNHZ.gif", "price": "379", "unit_price": "$.04/ ea", "name": "Stop & Shop Coffee Filters #2 Cone Style Natural", "cnid": "366", "productId": "148606", "size": "100 ct pkg"},
{"thumb": "http://i4.peapod.com/c/KK/KKNHZ.gif", "price": "379", "unit_price": "$.04/ ea", "name": "Stop & Shop Coffee Filters #4 Cone Style", "cnid": "366", "productId": "146244", "size": "100 ct pkg"},
{"thumb": "http://i4.peapod.com/c/KK/KKNHZ.gif", "price": "379", "unit_price": "$.04/ ea", "name": "Stop & Shop Coffee Filters #4 Cone Style Unbleached Natural", "cnid": "366", "productId": "146243", "size": "100 ct pkg"},
{"thumb": "http://i4.peapod.com/c/KK/KKNHZ.gif", "price": "189", "unit_price": "$.01/ ea", "name": "Stop & Shop Coffee Filters Basket Style 1-4 Cup", "cnid": "366", "productId": "144991", "size": "200 ct pkg"},
{"thumb": "http://i4.peapod.com/c/KK/KKNHZ.gif", "price": "189", "unit_price": "$.01/ ea", "name": "Stop & Shop Coffee Filters Basket Style 8-12 Cup", "cnid": "366", "productId": "58267", "size": "200 ct pkg"},
{"thumb": "http://i4.peapod.com/c/KK/KKNHZ.gif", "price": "189", "unit_price": "$.01/ ea", "name": "Stop & Shop Coffee Filters Basket Style Natural 8-12 Cup", "cnid": "366", "productId": "93929", "size": "200 ct pkg"},
{"thumb": "http://i4.peapod.com/c/KK/KKNHZ.gif", "price": "979", "unit_price": "$.30/ oz", "name": "Stop & Shop Coffee Lite 1/2 The Caffeine (Ground)", "cnid": "366", "productId": "150977", "size": "33 oz can"},
{"thumb": "http://i4.peapod.com/c/KK/KKNHZ.gif", "price": "1099", "unit_price": "$.33/ oz", "name": "Stop & Shop Colombian Supreme Coffee (Ground)", "cnid": "366", "productId": "150978", "size": "33 oz can"},
{"thumb": "http://i4.peapod.com/c/KK/KKNHZ.gif", "price": "350", "unit_price": "$.32/ oz", "name": "Stop & Shop French Roast Coffee (Ground)", "cnid": "366", "productId": "58283", "size": "11 oz can"},
{"thumb": "http://i4.peapod.com/c/KK/KKNHZ.gif", "price": "350", "unit_price": "$.30/ oz", "name": "Stop & Shop Original Coffee Decaffeinated (Ground)", "cnid": "366", "productId": "58279", "size": "11.5 oz can"},
{"thumb": "http://i4.peapod.com/c/KK/KKNHZ.gif", "price": "350", "unit_price": "$.27/ oz", "name": "Stop & Shop Original Roast Coffee (Ground)", "cnid": "366", "productId": "158007", "size": "13 oz can"},
{"thumb": "http://i4.peapod.com/c/KK/KKNHZ.gif", "price": "519", "unit_price": "$.65/ oz", "name": "Stop & Shop Original Roast Instant Coffee", "cnid": "366", "productId": "58271", "size": "8 oz jar"},
{"thumb": "http://i4.peapod.com/c/KK/KKNHZ.gif", "price": "949", "unit_price": "$.41/ oz", "name": "Stop & Shop Original Roast Medium Coffee Decaffeinated (Ground)", "cnid": "366", "productId": "163886", "size": "23 oz can"},
{"thumb": "http://i4.peapod.com/c/KK/KKNHZ.gif", "price": "959", "unit_price": "$.80/ ea", "name": "Barista Prima Coffeehouse Colombia Medium-Dark Roast Coffee K-Cups", "cnid": "47539428", "productId": "184280", "size": "12 ct box"},
{"thumb": "http://i4.peapod.com/c/KK/KKNHZ.gif", "price": "959", "unit_price": "$.80/ ea", "name": "Barista Prima Coffeehouse Italian Roast Dark Roast Coffee K-Cups", "cnid": "47539428", "productId": "186535", "size": "12 ct box"},
{"thumb": "http://i4.peapod.com/c/KK/KKNHZ.gif", "price": "250", "unit_price": "$.16/ oz", "name": "Bolthouse Farms Perfectly Protein Hazelnut Latte Fresh", "cnid": "47539428", "productId": "159082", "size": "15.2 oz btl"},
{"thumb": "http://i4.peapod.com/c/KK/KKNHZ.gif", "price": "250", "unit_price": "$.16/ oz", "name": "Bolthouse Farms Perfectly Protein Mocha Cappuccino Fresh", "cnid": "47539428", "productId": "159078", "size": "15.2 oz btl"},
{"thumb": "http://i4.peapod.com/c/KK/KKNHZ.gif", "price": "399", "unit_price": "$.12/ oz", "name": "Bolthouse Farms Perfectly Protein Mocha Cappuccino Fresh", "cnid": "47539428", "productId": "143528", "size": "32 oz btl"},
{"thumb": "http://i4.peapod.com/c/KK/KKNHZ.gif", "price": "399", "unit_price": "$.40/ oz", "name": "Cafe Bustelo Dark Roast Coffee Decaffeinated (Ground)", "cnid": "47539428", "productId": "33265", "size": "10 oz can"},
{"thumb": "http://i4.peapod.com/c/KK/KKNHZ.gif", "price": "299", "unit_price": "$.30/ oz", "name": "Cafe Bustelo Dark Roast Espresso Coffee (Ground)", "cnid": "47539428", "productId": "58288", "size": "10 oz can"},
{"thumb": "http://i4.peapod.com/c/KK/KKNHZ.gif", "price": "849", "unit_price": "$.71/ ea", "name": "Caribou Caribou Blend Medium Roast Coffee K-Cups", "cnid": "47539428", "productId": "157097", "size": "12 ct box"},
{"thumb": "http://i4.peapod.com/c/KK/KKNHZ.gif", "price": "849", "unit_price": "$.71/ ea", "name": "Caribou Daybreak Morning Blend Light Roast Coffee K-Cups", "cnid": "47539428", "productId": "158153", "size": "12 ct box"},
{"thumb": "http://i4.peapod.com/c/KK/KKNHZ.gif", "price": "1349", "unit_price": "$.49/ oz", "name": "Chock Full O'Nuts 100% Colombian Coffee (Ground)", "cnid": "47539428", "productId": "175046", "size": "27.8 oz can"},
{"thumb": "http://i4.peapod.com/c/KK/KKNHZ.gif", "price": "579", "unit_price": "$.56/ oz", "name": "Chock Full O'Nuts 100% Colombian Coffee (Ground)", "cnid": "47539428", "productId": "77453", "size": "10.3 oz can"},
{"thumb": "http://i4.peapod.com/c/KK/KKNHZ.gif", "price": "549", "unit_price": "$.53/ oz", "name": "Chock Full O'Nuts French Roast Coffee (Ground)", "cnid": "47539428", "productId": "58293", "size": "10.3 oz can"},
{"thumb": "http://i4.peapod.com/c/KK/KKNHZ.gif", "price": "549", "unit_price": "$.49/ oz", "name": "Chock Full O'Nuts Original Coffee (Ground)", "cnid": "47539428", "productId": "8321", "size": "11.3 oz can"},
{"thumb": "http://i4.peapod.com/c/KK/KKNHZ.gif", "price": "1249", "unit_price": "$.37/ oz", "name": "Chock Full O'Nuts Original Medium Roast Coffee (Ground)", "cnid": "47539428", "productId": "73434", "size": "33.9 oz can"},
{"thumb": "http://i4.peapod.com/c/KK/KKNHZ.gif", "price": "799", "unit_price": "$.67/ ea", "name": "Donut House Collection Donut House Decaf Light Roast Coffee K-Cups", "cnid": "47539428", "productId": "161891", "size": "12 ct box"},
{"thumb": "http://i4.peapod.com/c/KK/KKNHZ.gif", "price": "799", "unit_price": "$.67/ ea", "name": "Donut House Collection Donut House Light Roast Coffee K-Cups", "cnid": "47539428", "productId": "161892", "size": "12 ct box"},
{"thumb": "http://i4.peapod.com/c/KK/KKNHZ.gif", "price": "699", "unit_price": "$.58/ oz", "name": "Dunkin' Donuts Cinnamon Spice Coffee (Ground)", "cnid": "47539428", "productId": "146624", "size": "12 oz bag"},
{"thumb": "http://i4.peapod.com/c/KK/KKNHZ.gif", "price": "699", "unit_price": "$.63/ oz", "name": "Dunkin' Donuts Dark Roast Coffee (Ground)", "cnid": "47539428", "productId": "155261", "size": "11 oz bag"},
{"thumb": "http://i4.peapod.com/c/KK/KKNHZ.gif", "price": "699", "unit_price": "$.58/ oz", "name": "Dunkin' Donuts French Vanilla Coffee (Ground)", "cnid": "47539428", "productId": "146625", "size": "12 oz bag"},
{"thumb": "http://i4.peapod.com/c/KK/KKNHZ.gif", "price": "699", "unit_price": "$.58/ oz", "name": "Dunkin' Donuts Hazelnut Coffee (Ground)", "cnid": "47539428", "productId": "146139", "size": "12 oz bag"},
{"thumb": "http://i4.peapod.com/c/KK/KKNHZ.gif", "price": "699", "unit_price": "$.58/ oz", "name": "Dunkin' Donuts Original Blend Medium Roast Coffee (Ground)", "cnid": "47539428", "productId": "146141", "size": "12 oz bag"},
{"thumb": "http://i4.peapod.com/c/KK/KKNHZ.gif", "price": "1599", "unit_price": "$.67/ oz", "name": "Dunkin' Donuts Original Blend Medium Roast Coffee (Ground)", "cnid": "47539428", "productId": "153576", "size": "24 oz bag"},
{"thumb": "http://i4.peapod.com/c/KK/KKNHZ.gif", "price": "699", "unit_price": "$.58/ oz", "name": "Dunkin' Donuts Original Blend Medium Roast Coffee (Whole Bean)", "cnid": "47539428", "productId": "146138", "size": "12 oz bag"},
{"thumb": "http://i4.peapod.com/c/KK/KKNHZ.gif", "price": "699", "unit_price": "$.58/ oz", "name": "Dunkin' Donuts Original Coffee Decaffeinated (Ground)", "cnid": "47539428", "productId": "146140", "size": "12 oz bag"},
{"thumb": "http://i4.peapod.com/c/KK/KKNHZ.gif", "price": "649", "unit_price": "$.59/ oz", "name": "Eight O'Clock 100% Colombian Medium Roast Coffee (Automatic Grind)", "cnid": "47539428", "productId": "141614", "size": "11 oz bag"},
{"thumb": "http://i4.peapod.com/c/KK/KKNHZ.gif", "price": "1599", "unit_price": "$.49/ oz", "name": "Eight O'Clock 100% Colombian Medium Roast Coffee (Whole Bean)", "cnid": "47539428", "productId": "34529", "size": "33 oz bag"},
{"thumb": "http://i4.peapod.com/c/KK/KKNHZ.gif", "price": "649", "unit_price": "$.59/ oz", "name": "Eight O'Clock French Vanilla Coffee (Ground)", "cnid": "47539428", "productId": "148610", "size": "11 oz bag"},
{"thumb": "http://i4.peapod.com/c/KK/KKNHZ.gif", "price": "649", "unit_price": "$.59/ oz", "name": "Eight O'Clock Hazelnut Coffee (Ground)", "cnid": "47539428", "productId": "141615", "size": "11 oz bag"},
{"thumb": "http://i4.peapod.com/c/KK/KKNHZ.gif", "price": "1599", "unit_price": "$.44/ oz", "name": "Eight O'Clock Original Blend Coffee (Ground)", "cnid": "47539428", "productId": "150928", "size": "36 oz bag"},
{"thumb": "http://i4.peapod.com/c/KK/KKNHZ.gif", "price": "1599", "unit_price": "$.44/ oz", "name": "Eight O'Clock Original Coffee (Whole Bean)", "cnid": "47539428", "productId": "378", "size": "36 oz bag"},
{"thumb": "http://i4.peapod.com/c/KK/KKNHZ.gif", "price": "469", "unit_price": "$2.35/ oz", "name": "Ferrara Espresso Instant Coffee", "cnid": "47539428", "productId": "156869", "size": "2 oz jar"},
{"thumb": "http://i4.peapod.com/c/KK/KKNHZ.gif", "price": "1299", "unit_price": "$.47/ oz", "name": "Folgers 100% Colombian Medium Dark Coffee (Ground)", "cnid": "47539428", "productId": "44528", "size": "27.8 oz can"},
{"thumb": "http://i4.peapod.com/c/KK/KKNHZ.gif", "price": "469", "unit_price": "$.46/ oz", "name": "Folgers Black Silk Dark Coffee (Ground)", "cnid": "47539428", "productId": "167719", "size": "10.3 oz can"},
{"thumb": "http://i4.peapod.com/c/KK/KKNHZ.gif", "price": "469", "unit_price": "$.43/ oz", "name": "Folgers Breakfast Blend Mild Coffee (Ground)", "cnid": "47539428", "productId": "89681", "size": "10.8 oz can"},
{"thumb": "http://i4.peapod.com/c/KK/KKNHZ.gif", "price": "599", "unit_price": "$2.00/ oz", "name": "Folgers Classic Coffee Decaffeinated Singles - 19 ct", "cnid": "47539428", "productId": "2350", "size": "3 oz box"},
{"thumb": "http://i4.peapod.com/c/KK/KKNHZ.gif", "price": "649", "unit_price": "$.57/ oz", "name": "Folgers Classic Decaf Medium Roast Coffee (Ground)", "cnid": "47539428", "productId": "19766", "size": "11.3 oz can"},
{"thumb": "http://i4.peapod.com/c/KK/KKNHZ.gif", "price": "469", "unit_price": "$.43/ oz", "name": "Folgers Classic Roast 1/2 Caffeine Medium Coffee (Ground)", "cnid": "47539428", "productId": "117773", "size": "10.8 oz can"},
{"thumb": "http://i4.peapod.com/c/KK/KKNHZ.gif", "price": "599", "unit_price": "$2.00/ oz", "name": "Folgers Classic Roast Coffee Singles - 19 ct", "cnid": "47539428", "productId": "2349", "size": "3 oz box"},
{"thumb": "http://i4.peapod.com/c/KK/KKNHZ.gif", "price": "469", "unit_price": "$1.56/ oz", "name": "Folgers Classic Roast Instant Coffee Crystals", "cnid": "47539428", "productId": "2340", "size": "3 oz jar"},
{"thumb": "http://i4.peapod.com/c/KK/KKNHZ.gif", "price": "999", "unit_price": "$.83/ oz", "name": "Folgers Classic Roast Instant Coffee Crystals", "cnid": "47539428", "productId": "27331", "size": "12 oz jar"},
{"thumb": "http://i4.peapod.com/c/KK/KKNHZ.gif", "price": "699", "unit_price": "$.87/ oz", "name": "Folgers Classic Roast Instant Coffee Crystals", "cnid": "47539428", "productId": "2341", "size": "8 oz jar"},
{"thumb": "http://i4.peapod.com/c/KK/KKNHZ.gif", "price": "469", "unit_price": "$.41/ oz", "name": "Folgers Classic Roast Medium Coffee (Ground)", "cnid": "47539428", "productId": "13746", "size": "11.3 oz can"},
{"thumb": "http://i4.peapod.com/c/KK/KKNHZ.gif", "price": "1149", "unit_price": "$.34/ oz", "name": "Folgers Classic Roast Medium Coffee (Ground)", "cnid": "47539428", "productId": "16290", "size": "33.9 oz can"},
{"thumb": "http://i4.peapod.com/c/KK/KKNHZ.gif", "price": "849", "unit_price": "$.71/ ea", "name": "Folgers Gourmet Selections Lively Colombian Medium Roast Coffee K-Cups", "cnid": "47539428", "productId": "167535", "size": "12 ct box"},
{"thumb": "http://i4.peapod.com/c/KK/KKNHZ.gif", "price": "849", "unit_price": "$.71/ ea", "name": "Folgers Gourmet Selections Vanilla Biscotti Coffee K-Cups", "cnid": "47539428", "productId": "169582", "size": "12 ct box"},
{"thumb": "http://i4.peapod.com/c/KK/KKNHZ.gif", "price": "1149", "unit_price": "$.41/ oz", "name": "Folgers Gourmet Supreme Coffee (Ground)", "cnid": "47539428", "productId": "72069", "size": "27.8 oz can"},
{"thumb": "http://i4.peapod.com/c/KK/KKNHZ.gif", "price": "799", "unit_price": "$1.00/ oz", "name": "Folgers Instant Coffee Crystals Classic Decaf", "cnid": "47539428", "productId": "2342", "size": "8 oz jar"},
{"thumb": "http://i4.peapod.com/c/KK/KKNHZ.gif", "price": "849", "unit_price": "$.71/ ea", "name": "Green Mountain Breakfast Blend Light Roast Coffee Decaffeinated K-Cups", "cnid": "47539428", "productId": "158161", "size": "12 ct box"},
{"thumb": "http://i4.peapod.com/c/KK/KKNHZ.gif", "price": "849", "unit_price": "$.71/ ea", "name": "Green Mountain Breakfast Blend Light Roast Coffee K-Cups", "cnid": "47539428", "productId": "157098", "size": "12 ct box"},
{"thumb": "http://i4.peapod.com/c/KK/KKNHZ.gif", "price": "899", "unit_price": "$.75/ oz", "name": "Green Mountain Coffee Decaffeinated (Ground)", "cnid": "47539428", "productId": "148612", "size": "12 oz bag"},
{"thumb": "http://i4.peapod.com/c/KK/KKNHZ.gif", "price": "849", "unit_price": "$.71/ ea", "name": "Green Mountain French Vanilla Light Roast Coffee K-Cups", "cnid": "47539428", "productId": "158157", "size": "12 ct box"},
{"thumb": "http://i4.peapod.com/c/KK/KKNHZ.gif", "price": "849", "unit_price": "$.71/ ea", "name": "Green Mountain Hazelnut Light Roast Coffee K-Cups", "cnid": "47539428", "productId": "156430", "size": "12 ct box"},
{"thumb": "http://i4.peapod.com/c/KK/KKNHZ.gif", "price": "849", "unit_price": "$.71/ ea", "name": "Green Mountain Nantucket Blend Medium Roast Coffee K-Cups", "cnid": "47539428", "productId": "156429", "size": "12 ct box"},
{"thumb": "http://i4.peapod.com/c/KK/KKNHZ.gif", "price": "899", "unit_price": "$.75/ oz", "name": "Green Mountain Our Blend Coffee (Ground)", "cnid": "47539428", "productId": "155858", "size": "12 oz bag"},
{"thumb": "http://i4.peapod.com/c/KK/KKNHZ.gif", "price": "899", "unit_price": "$.75/ oz", "name": "Green Mountain Signature Breakfast Blend Coffee (Ground)", "cnid": "47539428", "productId": "116826", "size": "12 oz bag"},
{"thumb": "http://i4.peapod.com/c/KK/KKNHZ.gif", "price": "899", "unit_price": "$.75/ oz", "name": "Green Mountain Vermont Country Blend Coffee (Ground)", "cnid": "47539428", "productId": "116829", "size": "12 oz bag"},
{"thumb": "http://i4.peapod.com/c/KK/KKNHZ.gif", "price": "550", "unit_price": "$.16/ oz", "name": "Guaranteed Value Coffee Medium Roast (Ground)", "cnid": "47539428", "productId": "172229", "size": "34.5 oz can"},
{"thumb": "http://i4.peapod.com/c/KK/KKNHZ.gif", "price": "619", "unit_price": "$.52/ oz", "name": "Harmony Bay French Vanilla Creme Coffee (Ground)", "cnid": "47539428", "productId": "138200", "size": "12 oz can"},
{"thumb": "http://i4.peapod.com/c/KK/KKNHZ.gif", "price": "629", "unit_price": "$.52/ oz", "name": "Harmony Bay Hazelnut Coffee Decaffeinated (Ground)", "cnid": "47539428", "productId": "138202", "size": "12 oz can"},
{"thumb": "http://i4.peapod.com/c/KK/KKNHZ.gif", "price": "394", "unit_price": "$.06/ oz", "name": "International Delight Mocha Iced Coffee Refrigerated", "cnid": "47539428", "productId": "185714", "size": "64 oz ctn"},
{"thumb": "http://i4.peapod.com/c/KK/KKNHZ.gif", "price": "394", "unit_price": "$.06/ oz", "name": "International Delight Original Iced Coffee Refrigerated", "cnid": "47539428", "productId": "185713", "size": "64 oz ctn"},
{"thumb": "http://i4.peapod.com/c/KK/KKNHZ.gif", "price": "649", "unit_price": "$.81/ oz", "name": "LavAzza Premium Caffe Espresso Coffee (Ground)", "cnid": "47539428", "productId": "36365", "size": "8 oz can"},
{"thumb": "http://i4.peapod.com/c/KK/KKNHZ.gif", "price": "1299", "unit_price": "$.46/ oz", "name": "Maxwell House 100% Colombian Coffee (Ground)", "cnid": "47539428", "productId": "90495", "size": "28 oz can"},
{"thumb": "http://i4.peapod.com/c/KK/KKNHZ.gif", "price": "499", "unit_price": "$.47/ oz", "name": "Maxwell House 100% Colombian Coffee (Ground)", "cnid": "47539428", "productId": "62253", "size": "10.5 oz can"},
{"thumb": "http://i4.peapod.com/c/KK/KKNHZ.gif", "price": "349", "unit_price": "$.30/ oz", "name": "Maxwell House Coffee (Ground)", "cnid": "47539428", "productId": "6025", "size": "11.5 oz can"},
{"thumb": "http://i4.peapod.com/c/KK/KKNHZ.gif", "price": "499", "unit_price": "$.50/ ea", "name": "Maxwell House Coffee Ground Filter Packs", "cnid": "47539428", "productId": "6028", "size": "10 ct box"},
{"thumb": "http://i4.peapod.com/c/KK/KKNHZ.gif", "price": "349", "unit_price": "$.32/ oz", "name": "Maxwell House Coffee Lite 50% Less Caffeine (Ground)", "cnid": "47539428", "productId": "61990", "size": "11 oz can"},
{"thumb": "http://i4.peapod.com/c/KK/KKNHZ.gif", "price": "629", "unit_price": "$.57/ oz", "name": "Maxwell House Coffee Naturally Decaffeinated (Ground)", "cnid": "47539428", "productId": "6035", "size": "11 oz can"},
{"thumb": "http://i4.peapod.com/c/KK/KKNHZ.gif", "price": "899", "unit_price": "$.31/ oz", "name": "Maxwell House French Roast Coffee (Ground)", "cnid": "47539428", "productId": "26996", "size": "29.3 oz can"},
{"thumb": "http://i4.peapod.com/c/KK/KKNHZ.gif", "price": "999", "unit_price": "$.83/ oz", "name": "Maxwell House Instant Coffee", "cnid": "47539428", "productId": "16321", "size": "12 oz jar"},
{"thumb": "http://i4.peapod.com/c/KK/KKNHZ.gif", "price": "379", "unit_price": "$.92/ oz", "name": "Maxwell House International Cafe Suisse Mocha Beverage Mix", "cnid": "47539428", "productId": "181342", "size": "4.1 oz can"},
{"thumb": "http://i4.peapod.com/c/KK/KKNHZ.gif", "price": "379", "unit_price": "$.45/ oz", "name": "Maxwell House International French Vanilla Cafe Beverage Mix", "cnid": "47539428", "productId": "18787", "size": "8.4 oz can"},
{"thumb": "http://i4.peapod.com/c/KK/KKNHZ.gif", "price": "349", "unit_price": "$.30/ oz", "name": "Maxwell House Master Blend Mild Coffee (Ground)", "cnid": "47539428", "productId": "6033", "size": "11.5 oz can"},
{"thumb": "http://i4.peapod.com/c/KK/KKNHZ.gif", "price": "799", "unit_price": "$1.00/ oz", "name": "Maxwell House Naturally Instant Coffee Decaffeinated", "cnid": "47539428", "productId": "6047", "size": "8 oz jar"},
{"thumb": "http://i4.peapod.com/c/KK/KKNHZ.gif", "price": "699", "unit_price": "$.87/ oz", "name": "Maxwell House Original Instant Coffee", "cnid": "47539428", "productId": "6045", "size": "8 oz jar"},
{"thumb": "http://i4.peapod.com/c/KK/KKNHZ.gif", "price": "899", "unit_price": "$.29/ oz", "name": "Maxwell House Original Medium Roast Coffee (Ground)", "cnid": "47539428", "productId": "23399", "size": "30.6 oz can"},
{"thumb": "http://i4.peapod.com/c/KK/KKNHZ.gif", "price": "219", "unit_price": "$.05/ ea", "name": "Melitta Coffee Filters #4 Natural Brown", "cnid": "47539428", "productId": "7798", "size": "40 ct pkg"},
{"thumb": "http://i4.peapod.com/c/KK/KKNHZ.gif", "price": "219", "unit_price": "$.05/ ea", "name": "Melitta Coffee Filters Cone #2", "cnid": "47539428", "productId": "7796", "size": "40 ct pkg"},
{"thumb": "http://i4.peapod.com/c/KK/KKNHZ.gif", "price": "499", "unit_price": "$.05/ ea", "name": "Melitta Coffee Filters Cone #4", "cnid": "47539428", "productId": "45356", "size": "100 ct pkg"},
{"thumb": "http://i4.peapod.com/c/KK/KKNHZ.gif", "price": "499", "unit_price": "$.05/ ea", "name": "Melitta Coffee Filters Cone #4 Natural Brown", "cnid": "47539428", "productId": "41821", "size": "100 ct pkg"},
{"thumb": "http://i4.peapod.com/c/KK/KKNHZ.gif", "price": "449", "unit_price": "$.41/ oz", "name": "Melitta Medium Roast Classic Blend Coffee (Extra Fine Grind)", "cnid": "47539428", "productId": "7794", "size": "11 oz can"},
{"thumb": "http://i4.peapod.com/c/KK/KKNHZ.gif", "price": "599", "unit_price": "$.60/ oz", "name": "Nature's Promise Organics Breakfast Blend Coffee (Ground)", "cnid": "47539428", "productId": "174926", "size": "10 oz bag"},
{"thumb": "http://i4.peapod.com/c/KK/KKNHZ.gif", "price": "599", "unit_price": "$.60/ oz", "name": "Nature's Promise Organics Colombian Coffee (Ground)", "cnid": "47539428", "productId": "161922", "size": "10 oz bag"},
{"thumb": "http://i4.peapod.com/c/KK/KKNHZ.gif", "price": "599", "unit_price": "$.60/ oz", "name": "Nature's Promise Organics French Roast Coffee (Ground)", "cnid": "47539428", "productId": "161923", "size": "10 oz bag"},
{"thumb": "http://i4.peapod.com/c/KK/KKNHZ.gif", "price": "599", "unit_price": "$.60/ oz", "name": "Nature's Promise Organics Sumatra Coffee (Ground)", "cnid": "47539428", "productId": "161924", "size": "10 oz bag"},
{"thumb": "http://i4.peapod.com/c/KK/KKNHZ.gif", "price": "599", "unit_price": "$.60/ oz", "name": "Nature's Promise Organics Sumatra Coffee Decaffeinated (Ground)", "cnid": "47539428", "productId": "186660", "size": "10 oz bag"},
{"thumb": "http://i4.peapod.com/c/KK/KKNHZ.gif", "price": "1099", "unit_price": "$1.57/ oz", "name": "Nescafe Taster's Choice French Roast Instant Coffee", "cnid": "47539428", "productId": "2570", "size": "7 oz jar"},
{"thumb": "http://i4.peapod.com/c/KK/KKNHZ.gif", "price": "1099", "unit_price": "$1.57/ oz", "name": "Nescafe Taster's Choice Gourmet Instant Coffee", "cnid": "47539428", "productId": "2566", "size": "7 oz jar"},
{"thumb": "http://i4.peapod.com/c/KK/KKNHZ.gif", "price": "399", "unit_price": "$2.59/ oz", "name": "Nescafe Taster's Choice Original Gourmet Instant Coffee Packets - 22 ct", "cnid": "47539428", "productId": "155900", "size": "1.54 oz box"},
{"thumb": "http://i4.peapod.com/c/KK/KKNHZ.gif", "price": "749", "unit_price": "$.68/ oz", "name": "New England 100% Colombian Supremo Coffee (Ground)", "cnid": "47539428", "productId": "161917", "size": "11 oz bag"},
{"thumb": "http://i4.peapod.com/c/KK/KKNHZ.gif", "price": "749", "unit_price": "$.62/ oz", "name": "New England Breakfast Blend Medium Roasted Coffee (Ground)", "cnid": "47539428", "productId": "125262", "size": "12 oz bag"},
{"thumb": "http://i4.peapod.com/c/KK/KKNHZ.gif", "price": "749", "unit_price": "$.75/ oz", "name": "New England Colombian Coffee Decaffeinated (Ground)", "cnid": "47539428", "productId": "148614", "size": "10 oz bag"},
{"thumb": "http://i4.peapod.com/c/KK/KKNHZ.gif", "price": "749", "unit_price": "$.68/ oz", "name": "New England French Vanilla Medium Roast Coffee (Ground)", "cnid": "47539428", "productId": "125264", "size": "11 oz bag"},
{"thumb": "http://i4.peapod.com/c/KK/KKNHZ.gif", "price": "749", "unit_price": "$.75/ oz", "name": "New England Hazelnut Coffee Decaffeinated (Ground)", "cnid": "47539428", "productId": "130781", "size": "10 oz bag"},
{"thumb": "http://i4.peapod.com/c/KK/KKNHZ.gif", "price": "749", "unit_price": "$.68/ oz", "name": "New England Hazelnut Cream Medium Coffee (Ground)", "cnid": "47539428", "productId": "127766", "size": "11 oz bag"},
{"thumb": "http://i4.peapod.com/c/KK/KKNHZ.gif", "price": "899", "unit_price": "$.90/ oz", "name": "Newman's Own Organics French Roast Coffee (Ground)", "cnid": "47539428", "productId": "155224", "size": "10 oz bag"},
{"thumb": "http://i4.peapod.com/c/KK/KKNHZ.gif", "price": "899", "unit_price": "$.90/ oz", "name": "Newman's Own Organics Nell's Breakfast Blend Coffee (Ground)", "cnid": "47539428", "productId": "167344", "size": "10 oz bag"},
{"thumb": "http://i4.peapod.com/c/KK/KKNHZ.gif", "price": "899", "unit_price": "$.90/ oz", "name": "Newman's Own Organics Newman's Special Coffee Decaf (Ground)", "cnid": "47539428", "productId": "161918", "size": "10 oz bag"},
{"thumb": "http://i4.peapod.com/c/KK/KKNHZ.gif", "price": "899", "unit_price": "$.90/ oz", "name": "Newman's Own Organics Special Blend Coffee (Ground)", "cnid": "47539428", "productId": "155225", "size": "10 oz bag"},
{"thumb": "http://i4.peapod.com/c/KK/KKNHZ.gif", "price": "849", "unit_price": "$.71/ ea", "name": "Newman's Own Organics Special Blend Extra Bold Coffee Decaffeinated K-Cups", "cnid": "47539428", "productId": "157096", "size": "12 ct box"},
{"thumb": "http://i4.peapod.com/c/KK/KKNHZ.gif", "price": "849", "unit_price": "$.71/ ea", "name": "Newman's Own Organics Special Blend Extra Bold Medium Roast Coffee K-Cups", "cnid": "47539428", "productId": "156489", "size": "12 ct box"},
{"thumb": "http://i4.peapod.com/c/KK/KKNHZ.gif", "price": "899", "unit_price": "$.75/ oz", "name": "Peet's Colombia Coffee (Ground)", "cnid": "47539428", "productId": "153918", "size": "12 oz bag"},
{"thumb": "http://i4.peapod.com/c/KK/KKNHZ.gif", "price": "899", "unit_price": "$.75/ oz", "name": "Peet's French Roast Coffee (Ground)", "cnid": "47539428", "productId": "153916", "size": "12 oz bag"},
{"thumb": "http://i4.peapod.com/c/KK/KKNHZ.gif", "price": "899", "unit_price": "$.75/ oz", "name": "Peet's French Roast Coffee (Whole Bean)", "cnid": "47539428", "productId": "161919", "size": "12 oz bag"},
{"thumb": "http://i4.peapod.com/c/KK/KKNHZ.gif", "price": "899", "unit_price": "$.75/ oz", "name": "Peet's House Blend Coffee (Ground)", "cnid": "47539428", "productId": "153917", "size": "12 oz bag"},
{"thumb": "http://i4.peapod.com/c/KK/KKNHZ.gif", "price": "899", "unit_price": "$.75/ oz", "name": "Peet's House Blend Coffee (Whole Bean)", "cnid": "47539428", "productId": "153914", "size": "12 oz bag"},
{"thumb": "http://i4.peapod.com/c/KK/KKNHZ.gif", "price": "899", "unit_price": "$.75/ oz", "name": "Peet's House Blend Coffee Decaffeinated (Ground)", "cnid": "47539428", "productId": "153920", "size": "12 oz bag"},
{"thumb": "http://i4.peapod.com/c/KK/KKNHZ.gif", "price": "899", "unit_price": "$.75/ oz", "name": "Peet's Major Dickason's Blend Coffee (Ground)", "cnid": "47539428", "productId": "153919", "size": "12 oz bag"},
{"thumb": "http://i4.peapod.com/c/KK/KKNHZ.gif", "price": "899", "unit_price": "$.75/ oz", "name": "Peet's Major Dickason's Blend Coffee (Whole Bean)", "cnid": "47539428", "productId": "153915", "size": "12 oz bag"},
{"thumb": "http://i4.peapod.com/c/KK/KKNHZ.gif", "price": "899", "unit_price": "$.75/ oz", "name": "Peet's Sumatra Coffee (Ground)", "cnid": "47539428", "productId": "161920", "size": "12 oz bag"},
{"thumb": "http://i4.peapod.com/c/KK/KKNHZ.gif", "price": "599", "unit_price": "$.50/ oz", "name": "Simply Enjoy Breakfast Blend Coffee (Ground)", "cnid": "47539428", "productId": "159307", "size": "12 oz bag"},
{"thumb": "http://i4.peapod.com/c/KK/KKNHZ.gif", "price": "599", "unit_price": "$.50/ oz", "name": "Simply Enjoy Vanilla Creme Coffee (Ground)", "cnid": "47539428", "productId": "159308", "size": "12 oz bag"},
{"thumb": "http://i4.peapod.com/c/KK/KKNHZ.gif", "price": "1049", "unit_price": "$.87/ oz", "name": "Starbucks Bold Espresso Roast Coffee (Ground)", "cnid": "47539428", "productId": "94057", "size": "12 oz bag"},
{"thumb": "http://i4.peapod.com/c/KK/KKNHZ.gif", "price": "1049", "unit_price": "$.87/ oz", "name": "Starbucks Breakfast Blend Medium Coffee (Ground)", "cnid": "47539428", "productId": "117409", "size": "12 oz bag"},
{"thumb": "http://i4.peapod.com/c/KK/KKNHZ.gif", "price": "1049", "unit_price": "$.87/ oz", "name": "Starbucks Breakfast Blend Medium Coffee (Whole Bean)", "cnid": "47539428", "productId": "114040", "size": "12 oz bag"},
{"thumb": "http://i4.peapod.com/c/KK/KKNHZ.gif", "price": "1049", "unit_price": "$.87/ oz", "name": "Starbucks Caffe Verona Bold Coffee (Ground)", "cnid": "47539428", "productId": "135389", "size": "12 oz bag"},
{"thumb": "http://i4.peapod.com/c/KK/KKNHZ.gif", "price": "1049", "unit_price": "$.87/ oz", "name": "Starbucks Caffe Verona Bold Coffee Decaffeinated (Ground)", "cnid": "47539428", "productId": "135390", "size": "12 oz bag"},
{"thumb": "http://i4.peapod.com/c/KK/KKNHZ.gif", "price": "499", "unit_price": "$.13/ oz", "name": "Starbucks Coffee Frappuccino - 4 pk", "cnid": "47539428", "productId": "72990", "size": "9.5 oz btl"},
{"thumb": "http://i4.peapod.com/c/KK/KKNHZ.gif", "price": "1049", "unit_price": "$.87/ oz", "name": "Starbucks Colombia Medium Coffee (Ground)", "cnid": "47539428", "productId": "94059", "size": "12 oz bag"},
{"thumb": "http://i4.peapod.com/c/KK/KKNHZ.gif", "price": "1049", "unit_price": "$.87/ oz", "name": "Starbucks Colombia Medium Coffee (Whole Bean)", "cnid": "47539428", "productId": "94053", "size": "12 oz bag"},
{"thumb": "http://i4.peapod.com/c/KK/KKNHZ.gif", "price": "1049", "unit_price": "$.87/ oz", "name": "Starbucks Dark Morning Joe Coffee (Ground)", "cnid": "47539428", "productId": "135394", "size": "12 oz bag"},
{"thumb": "http://i4.peapod.com/c/KK/KKNHZ.gif", "price": "1049", "unit_price": "$.87/ oz", "name": "Starbucks French Roast Dark Coffee (Ground)", "cnid": "47539428", "productId": "94061", "size": "12 oz bag"},
{"thumb": "http://i4.peapod.com/c/KK/KKNHZ.gif", "price": "1049", "unit_price": "$.87/ oz", "name": "Starbucks French Roast Dark Coffee (Whole Bean)", "cnid": "47539428", "productId": "94056", "size": "12 oz bag"},
{"thumb": "http://i4.peapod.com/c/KK/KKNHZ.gif", "price": "1049", "unit_price": "$.87/ oz", "name": "Starbucks House Blend Medium Coffee (Ground)", "cnid": "47539428", "productId": "112148", "size": "12 oz bag"},
{"thumb": "http://i4.peapod.com/c/KK/KKNHZ.gif", "price": "1049", "unit_price": "$.87/ oz", "name": "Starbucks House Blend Medium Coffee Decaffeinated (Ground)", "cnid": "47539428", "productId": "94060", "size": "12 oz bag"},
{"thumb": "http://i4.peapod.com/c/KK/KKNHZ.gif", "price": "1049", "unit_price": "$.87/ oz", "name": "Starbucks Italian Roast Coffee (Ground)", "cnid": "47539428", "productId": "135392", "size": "12 oz bag"},
{"thumb": "http://i4.peapod.com/c/KK/KKNHZ.gif", "price": "499", "unit_price": "$.13/ oz", "name": "Starbucks Mocha Frappuccino - 4 pk", "cnid": "47539428", "productId": "72991", "size": "9.5 oz btl"},
{"thumb": "http://i4.peapod.com/c/KK/KKNHZ.gif", "price": "1049", "unit_price": "$.95/ oz", "name": "Starbucks Natural Fusions Caramel Coffee (Ground)", "cnid": "47539428", "productId": "160676", "size": "11 oz bag"},
{"thumb": "http://i4.peapod.com/c/KK/KKNHZ.gif", "price": "1049", "unit_price": "$.87/ oz", "name": "Starbucks Sumatra Dark Coffee (Ground)", "cnid": "47539428", "productId": "135393", "size": "12 oz bag"},
{"thumb": "http://i4.peapod.com/c/KK/KKNHZ.gif", "price": "499", "unit_price": "$.13/ oz", "name": "Starbucks Vanilla Frappuccino - 4 pk", "cnid": "47539428", "productId": "94186", "size": "9.5 oz btl"},
{"thumb": "http://i4.peapod.com/c/KK/KKNHZ.gif", "price": "799", "unit_price": "$8.59/ oz", "name": "Starbucks VIA Ready Brew Instant Coffee Colombia Medium - 8 ct", "cnid": "47539428", "productId": "172821", "size": ".93 oz pkg"},
{"thumb": "http://i4.peapod.com/c/KK/KKNHZ.gif", "price": "350", "unit_price": "$.32/ oz", "name": "Stop & Shop 100% Colombian Coffee (Ground)", "cnid": "47539428", "productId": "62001", "size": "11 oz can"},
{"thumb": "http://i4.peapod.com/c/KK/KKNHZ.gif", "price": "379", "unit_price": "$.04/ ea", "name": "Stop & Shop Coffee Filters #2 Cone Style Natural", "cnid": "47539428", "productId": "148606", "size": "100 ct pkg"},
{"thumb": "http://i4.peapod.com/c/KK/KKNHZ.gif", "price": "379", "unit_price": "$.04/ ea", "name": "Stop & Shop Coffee Filters #4 Cone Style", "cnid": "47539428", "productId": "146244", "size": "100 ct pkg"},
{"thumb": "http://i4.peapod.com/c/KK/KKNHZ.gif", "price": "379", "unit_price": "$.04/ ea", "name": "Stop & Shop Coffee Filters #4 Cone Style Unbleached Natural", "cnid": "47539428", "productId": "146243", "size": "100 ct pkg"},
{"thumb": "http://i4.peapod.com/c/KK/KKNHZ.gif", "price": "189", "unit_price": "$.01/ ea", "name": "Stop & Shop Coffee Filters Basket Style 1-4 Cup", "cnid": "47539428", "productId": "144991", "size": "200 ct pkg"},
{"thumb": "http://i4.peapod.com/c/KK/KKNHZ.gif", "price": "189", "unit_price": "$.01/ ea", "name": "Stop & Shop Coffee Filters Basket Style 8-12 Cup", "cnid": "47539428", "productId": "58267", "size": "200 ct pkg"},
{"thumb": "http://i4.peapod.com/c/KK/KKNHZ.gif", "price": "189", "unit_price": "$.01/ ea", "name": "Stop & Shop Coffee Filters Basket Style Natural 8-12 Cup", "cnid": "47539428", "productId": "93929", "size": "200 ct pkg"},
{"thumb": "http://i4.peapod.com/c/KK/KKNHZ.gif", "price": "979", "unit_price": "$.30/ oz", "name": "Stop & Shop Coffee Lite 1/2 The Caffeine (Ground)", "cnid": "47539428", "productId": "150977", "size": "33 oz can"},
{"thumb": "http://i4.peapod.com/c/KK/KKNHZ.gif", "price": "1099", "unit_price": "$.33/ oz", "name": "Stop & Shop Colombian Supreme Coffee (Ground)", "cnid": "47539428", "productId": "150978", "size": "33 oz can"},
{"thumb": "http://i4.peapod.com/c/KK/KKNHZ.gif", "price": "350", "unit_price": "$.32/ oz", "name": "Stop & Shop French Roast Coffee (Ground)", "cnid": "47539428", "productId": "58283", "size": "11 oz can"},
{"thumb": "http://i4.peapod.com/c/KK/KKNHZ.gif", "price": "350", "unit_price": "$.30/ oz", "name": "Stop & Shop Original Coffee Decaffeinated (Ground)", "cnid": "47539428", "productId": "58279", "size": "11.5 oz can"},
{"thumb": "http://i4.peapod.com/c/KK/KKNHZ.gif", "price": "350", "unit_price": "$.27/ oz", "name": "Stop & Shop Original Roast Coffee (Ground)", "cnid": "47539428", "productId": "158007", "size": "13 oz can"},
{"thumb": "http://i4.peapod.com/c/KK/KKNHZ.gif", "price": "519", "unit_price": "$.65/ oz", "name": "Stop & Shop Original Roast Instant Coffee", "cnid": "47539428", "productId": "58271", "size": "8 oz jar"},
{"thumb": "http://i4.peapod.com/c/KK/KKNHZ.gif", "price": "949", "unit_price": "$.41/ oz", "name": "Stop & Shop Original Roast Medium Coffee Decaffeinated (Ground)", "cnid": "47539428", "productId": "163886", "size": "23 oz can"},
{"thumb": "http://i4.peapod.com/c/KK/KKNHZ.gif", "price": "959", "unit_price": "$.80/ ea", "name": "Barista Prima Coffeehouse Colombia Medium-Dark Roast Coffee K-Cups", "cnid": "921202054323", "productId": "184280", "size": "12 ct box"},
{"thumb": "http://i4.peapod.com/c/KK/KKNHZ.gif", "price": "959", "unit_price": "$.80/ ea", "name": "Barista Prima Coffeehouse Italian Roast Dark Roast Coffee K-Cups", "cnid": "921202054323", "productId": "186535", "size": "12 ct box"},
{"thumb": "http://i4.peapod.com/c/KK/KKNHZ.gif", "price": "250", "unit_price": "$.16/ oz", "name": "Bolthouse Farms Perfectly Protein Hazelnut Latte Fresh", "cnid": "921202054323", "productId": "159082", "size": "15.2 oz btl"},
{"thumb": "http://i4.peapod.com/c/KK/KKNHZ.gif", "price": "250", "unit_price": "$.16/ oz", "name": "Bolthouse Farms Perfectly Protein Mocha Cappuccino Fresh", "cnid": "921202054323", "productId": "159078", "size": "15.2 oz btl"},
{"thumb": "http://i4.peapod.com/c/KK/KKNHZ.gif", "price": "399", "unit_price": "$.12/ oz", "name": "Bolthouse Farms Perfectly Protein Mocha Cappuccino Fresh", "cnid": "921202054323", "productId": "143528", "size": "32 oz btl"},
{"thumb": "http://i4.peapod.com/c/KK/KKNHZ.gif", "price": "399", "unit_price": "$.40/ oz", "name": "Cafe Bustelo Dark Roast Coffee Decaffeinated (Ground)", "cnid": "921202054323", "productId": "33265", "size": "10 oz can"},
{"thumb": "http://i4.peapod.com/c/KK/KKNHZ.gif", "price": "299", "unit_price": "$.30/ oz", "name": "Cafe Bustelo Dark Roast Espresso Coffee (Ground)", "cnid": "921202054323", "productId": "58288", "size": "10 oz can"},
{"thumb": "http://i4.peapod.com/c/KK/KKNHZ.gif", "price": "849", "unit_price": "$.71/ ea", "name": "Caribou Caribou Blend Medium Roast Coffee K-Cups", "cnid": "921202054323", "productId": "157097", "size": "12 ct box"},
{"thumb": "http://i4.peapod.com/c/KK/KKNHZ.gif", "price": "849", "unit_price": "$.71/ ea", "name": "Caribou Daybreak Morning Blend Light Roast Coffee K-Cups", "cnid": "921202054323", "productId": "158153", "size": "12 ct box"},
{"thumb": "http://i4.peapod.com/c/KK/KKNHZ.gif", "price": "1349", "unit_price": "$.49/ oz", "name": "Chock Full O'Nuts 100% Colombian Coffee (Ground)", "cnid": "921202054323", "productId": "175046", "size": "27.8 oz can"},
{"thumb": "http://i4.peapod.com/c/KK/KKNHZ.gif", "price": "579", "unit_price": "$.56/ oz", "name": "Chock Full O'Nuts 100% Colombian Coffee (Ground)", "cnid": "921202054323", "productId": "77453", "size": "10.3 oz can"},
{"thumb": "http://i4.peapod.com/c/KK/KKNHZ.gif", "price": "549", "unit_price": "$.53/ oz", "name": "Chock Full O'Nuts French Roast Coffee (Ground)", "cnid": "921202054323", "productId": "58293", "size": "10.3 oz can"},
{"thumb": "http://i4.peapod.com/c/KK/KKNHZ.gif", "price": "549", "unit_price": "$.49/ oz", "name": "Chock Full O'Nuts Original Coffee (Ground)", "cnid": "921202054323", "productId": "8321", "size": "11.3 oz can"},
{"thumb": "http://i4.peapod.com/c/KK/KKNHZ.gif", "price": "1249", "unit_price": "$.37/ oz", "name": "Chock Full O'Nuts Original Medium Roast Coffee (Ground)", "cnid": "921202054323", "productId": "73434", "size": "33.9 oz can"},
{"thumb": "http://i4.peapod.com/c/KK/KKNHZ.gif", "price": "799", "unit_price": "$.67/ ea", "name": "Donut House Collection Donut House Decaf Light Roast Coffee K-Cups", "cnid": "921202054323", "productId": "161891", "size": "12 ct box"},
{"thumb": "http://i4.peapod.com/c/KK/KKNHZ.gif", "price": "799", "unit_price": "$.67/ ea", "name": "Donut House Collection Donut House Light Roast Coffee K-Cups", "cnid": "921202054323", "productId": "161892", "size": "12 ct box"},
{"thumb": "http://i4.peapod.com/c/KK/KKNHZ.gif", "price": "699", "unit_price": "$.58/ oz", "name": "Dunkin' Donuts Cinnamon Spice Coffee (Ground)", "cnid": "921202054323", "productId": "146624", "size": "12 oz bag"},
{"thumb": "http://i4.peapod.com/c/KK/KKNHZ.gif", "price": "699", "unit_price": "$.63/ oz", "name": "Dunkin' Donuts Dark Roast Coffee (Ground)", "cnid": "921202054323", "productId": "155261", "size": "11 oz bag"},
{"thumb": "http://i4.peapod.com/c/KK/KKNHZ.gif", "price": "699", "unit_price": "$.58/ oz", "name": "Dunkin' Donuts French Vanilla Coffee (Ground)", "cnid": "921202054323", "productId": "146625", "size": "12 oz bag"},
{"thumb": "http://i4.peapod.com/c/KK/KKNHZ.gif", "price": "699", "unit_price": "$.58/ oz", "name": "Dunkin' Donuts Hazelnut Coffee (Ground)", "cnid": "921202054323", "productId": "146139", "size": "12 oz bag"},
{"thumb": "http://i4.peapod.com/c/KK/KKNHZ.gif", "price": "699", "unit_price": "$.58/ oz", "name": "Dunkin' Donuts Original Blend Medium Roast Coffee (Ground)", "cnid": "921202054323", "productId": "146141", "size": "12 oz bag"},
{"thumb": "http://i4.peapod.com/c/KK/KKNHZ.gif", "price": "1599", "unit_price": "$.67/ oz", "name": "Dunkin' Donuts Original Blend Medium Roast Coffee (Ground)", "cnid": "921202054323", "productId": "153576", "size": "24 oz bag"},
{"thumb": "http://i4.peapod.com/c/KK/KKNHZ.gif", "price": "699", "unit_price": "$.58/ oz", "name": "Dunkin' Donuts Original Blend Medium Roast Coffee (Whole Bean)", "cnid": "921202054323", "productId": "146138", "size": "12 oz bag"},
{"thumb": "http://i4.peapod.com/c/KK/KKNHZ.gif", "price": "699", "unit_price": "$.58/ oz", "name": "Dunkin' Donuts Original Coffee Decaffeinated (Ground)", "cnid": "921202054323", "productId": "146140", "size": "12 oz bag"},
{"thumb": "http://i4.peapod.com/c/KK/KKNHZ.gif", "price": "649", "unit_price": "$.59/ oz", "name": "Eight O'Clock 100% Colombian Medium Roast Coffee (Automatic Grind)", "cnid": "921202054323", "productId": "141614", "size": "11 oz bag"},
{"thumb": "http://i4.peapod.com/c/KK/KKNHZ.gif", "price": "1599", "unit_price": "$.49/ oz", "name": "Eight O'Clock 100% Colombian Medium Roast Coffee (Whole Bean)", "cnid": "921202054323", "productId": "34529", "size": "33 oz bag"},
{"thumb": "http://i4.peapod.com/c/KK/KKNHZ.gif", "price": "649", "unit_price": "$.59/ oz", "name": "Eight O'Clock French Vanilla Coffee (Ground)", "cnid": "921202054323", "productId": "148610", "size": "11 oz bag"},
{"thumb": "http://i4.peapod.com/c/KK/KKNHZ.gif", "price": "649", "unit_price": "$.59/ oz", "name": "Eight O'Clock Hazelnut Coffee (Ground)", "cnid": "921202054323", "productId": "141615", "size": "11 oz bag"},
{"thumb": "http://i4.peapod.com/c/KK/KKNHZ.gif", "price": "1599", "unit_price": "$.44/ oz", "name": "Eight O'Clock Original Blend Coffee (Ground)", "cnid": "921202054323", "productId": "150928", "size": "36 oz bag"},
{"thumb": "http://i4.peapod.com/c/KK/KKNHZ.gif", "price": "1599", "unit_price": "$.44/ oz", "name": "Eight O'Clock Original Coffee (Whole Bean)", "cnid": "921202054323", "productId": "378", "size": "36 oz bag"},
{"thumb": "http://i4.peapod.com/c/KK/KKNHZ.gif", "price": "469", "unit_price": "$2.35/ oz", "name": "Ferrara Espresso Instant Coffee", "cnid": "921202054323", "productId": "156869", "size": "2 oz jar"},
{"thumb": "http://i4.peapod.com/c/KK/KKNHZ.gif", "price": "1299", "unit_price": "$.47/ oz", "name": "Folgers 100% Colombian Medium Dark Coffee (Ground)", "cnid": "921202054323", "productId": "44528", "size": "27.8 oz can"},
{"thumb": "http://i4.peapod.com/c/KK/KKNHZ.gif", "price": "469", "unit_price": "$.46/ oz", "name": "Folgers Black Silk Dark Coffee (Ground)", "cnid": "921202054323", "productId": "167719", "size": "10.3 oz can"},
{"thumb": "http://i4.peapod.com/c/KK/KKNHZ.gif", "price": "469", "unit_price": "$.43/ oz", "name": "Folgers Breakfast Blend Mild Coffee (Ground)", "cnid": "921202054323", "productId": "89681", "size": "10.8 oz can"},
{"thumb": "http://i4.peapod.com/c/KK/KKNHZ.gif", "price": "599", "unit_price": "$2.00/ oz", "name": "Folgers Classic Coffee Decaffeinated Singles - 19 ct", "cnid": "921202054323", "productId": "2350", "size": "3 oz box"},
{"thumb": "http://i4.peapod.com/c/KK/KKNHZ.gif", "price": "649", "unit_price": "$.57/ oz", "name": "Folgers Classic Decaf Medium Roast Coffee (Ground)", "cnid": "921202054323", "productId": "19766", "size": "11.3 oz can"},
{"thumb": "http://i4.peapod.com/c/KK/KKNHZ.gif", "price": "469", "unit_price": "$.43/ oz", "name": "Folgers Classic Roast 1/2 Caffeine Medium Coffee (Ground)", "cnid": "921202054323", "productId": "117773", "size": "10.8 oz can"},
{"thumb": "http://i4.peapod.com/c/KK/KKNHZ.gif", "price": "599", "unit_price": "$2.00/ oz", "name": "Folgers Classic Roast Coffee Singles - 19 ct", "cnid": "921202054323", "productId": "2349", "size": "3 oz box"},
{"thumb": "http://i4.peapod.com/c/KK/KKNHZ.gif", "price": "469", "unit_price": "$1.56/ oz", "name": "Folgers Classic Roast Instant Coffee Crystals", "cnid": "921202054323", "productId": "2340", "size": "3 oz jar"},
{"thumb": "http://i4.peapod.com/c/KK/KKNHZ.gif", "price": "999", "unit_price": "$.83/ oz", "name": "Folgers Classic Roast Instant Coffee Crystals", "cnid": "921202054323", "productId": "27331", "size": "12 oz jar"},
{"thumb": "http://i4.peapod.com/c/KK/KKNHZ.gif", "price": "699", "unit_price": "$.87/ oz", "name": "Folgers Classic Roast Instant Coffee Crystals", "cnid": "921202054323", "productId": "2341", "size": "8 oz jar"},
{"thumb": "http://i4.peapod.com/c/KK/KKNHZ.gif", "price": "469", "unit_price": "$.41/ oz", "name": "Folgers Classic Roast Medium Coffee (Ground)", "cnid": "921202054323", "productId": "13746", "size": "11.3 oz can"},
{"thumb": "http://i4.peapod.com/c/KK/KKNHZ.gif", "price": "1149", "unit_price": "$.34/ oz", "name": "Folgers Classic Roast Medium Coffee (Ground)", "cnid": "921202054323", "productId": "16290", "size": "33.9 oz can"},
{"thumb": "http://i4.peapod.com/c/KK/KKNHZ.gif", "price": "849", "unit_price": "$.71/ ea", "name": "Folgers Gourmet Selections Lively Colombian Medium Roast Coffee K-Cups", "cnid": "921202054323", "productId": "167535", "size": "12 ct box"},
{"thumb": "http://i4.peapod.com/c/KK/KKNHZ.gif", "price": "849", "unit_price": "$.71/ ea", "name": "Folgers Gourmet Selections Vanilla Biscotti Coffee K-Cups", "cnid": "921202054323", "productId": "169582", "size": "12 ct box"},
{"thumb": "http://i4.peapod.com/c/KK/KKNHZ.gif", "price": "1149", "unit_price": "$.41/ oz", "name": "Folgers Gourmet Supreme Coffee (Ground)", "cnid": "921202054323", "productId": "72069", "size": "27.8 oz can"},
{"thumb": "http://i4.peapod.com/c/KK/KKNHZ.gif", "price": "799", "unit_price": "$1.00/ oz", "name": "Folgers Instant Coffee Crystals Classic Decaf", "cnid": "921202054323", "productId": "2342", "size": "8 oz jar"},
{"thumb": "http://i4.peapod.com/c/KK/KKNHZ.gif", "price": "849", "unit_price": "$.71/ ea", "name": "Green Mountain Breakfast Blend Light Roast Coffee Decaffeinated K-Cups", "cnid": "921202054323", "productId": "158161", "size": "12 ct box"},
{"thumb": "http://i4.peapod.com/c/KK/KKNHZ.gif", "price": "849", "unit_price": "$.71/ ea", "name": "Green Mountain Breakfast Blend Light Roast Coffee K-Cups", "cnid": "921202054323", "productId": "157098", "size": "12 ct box"},
{"thumb": "http://i4.peapod.com/c/KK/KKNHZ.gif", "price": "899", "unit_price": "$.75/ oz", "name": "Green Mountain Coffee Decaffeinated (Ground)", "cnid": "921202054323", "productId": "148612", "size": "12 oz bag"},
{"thumb": "http://i4.peapod.com/c/KK/KKNHZ.gif", "price": "849", "unit_price": "$.71/ ea", "name": "Green Mountain French Vanilla Light Roast Coffee K-Cups", "cnid": "921202054323", "productId": "158157", "size": "12 ct box"},
{"thumb": "http://i4.peapod.com/c/KK/KKNHZ.gif", "price": "849", "unit_price": "$.71/ ea", "name": "Green Mountain Hazelnut Light Roast Coffee K-Cups", "cnid": "921202054323", "productId": "156430", "size": "12 ct box"},
{"thumb": "http://i4.peapod.com/c/KK/KKNHZ.gif", "price": "849", "unit_price": "$.71/ ea", "name": "Green Mountain Nantucket Blend Medium Roast Coffee K-Cups", "cnid": "921202054323", "productId": "156429", "size": "12 ct box"},
{"thumb": "http://i4.peapod.com/c/KK/KKNHZ.gif", "price": "899", "unit_price": "$.75/ oz", "name": "Green Mountain Our Blend Coffee (Ground)", "cnid": "921202054323", "productId": "155858", "size": "12 oz bag"},
{"thumb": "http://i4.peapod.com/c/KK/KKNHZ.gif", "price": "899", "unit_price": "$.75/ oz", "name": "Green Mountain Signature Breakfast Blend Coffee (Ground)", "cnid": "921202054323", "productId": "116826", "size": "12 oz bag"},
{"thumb": "http://i4.peapod.com/c/KK/KKNHZ.gif", "price": "899", "unit_price": "$.75/ oz", "name": "Green Mountain Vermont Country Blend Coffee (Ground)", "cnid": "921202054323", "productId": "116829", "size": "12 oz bag"},
{"thumb": "http://i4.peapod.com/c/KK/KKNHZ.gif", "price": "550", "unit_price": "$.16/ oz", "name": "Guaranteed Value Coffee Medium Roast (Ground)", "cnid": "921202054323", "productId": "172229", "size": "34.5 oz can"},
{"thumb": "http://i4.peapod.com/c/KK/KKNHZ.gif", "price": "619", "unit_price": "$.52/ oz", "name": "Harmony Bay French Vanilla Creme Coffee (Ground)", "cnid": "921202054323", "productId": "138200", "size": "12 oz can"},
{"thumb": "http://i4.peapod.com/c/KK/KKNHZ.gif", "price": "629", "unit_price": "$.52/ oz", "name": "Harmony Bay Hazelnut Coffee Decaffeinated (Ground)", "cnid": "921202054323", "productId": "138202", "size": "12 oz can"},
{"thumb": "http://i4.peapod.com/c/KK/KKNHZ.gif", "price": "394", "unit_price": "$.06/ oz", "name": "International Delight Mocha Iced Coffee Refrigerated", "cnid": "921202054323", "productId": "185714", "size": "64 oz ctn"},
{"thumb": "http://i4.peapod.com/c/KK/KKNHZ.gif", "price": "394", "unit_price": "$.06/ oz", "name": "International Delight Original Iced Coffee Refrigerated", "cnid": "921202054323", "productId": "185713", "size": "64 oz ctn"},
{"thumb": "http://i4.peapod.com/c/KK/KKNHZ.gif", "price": "649", "unit_price": "$.81/ oz", "name": "LavAzza Premium Caffe Espresso Coffee (Ground)", "cnid": "921202054323", "productId": "36365", "size": "8 oz can"},
{"thumb": "http://i4.peapod.com/c/KK/KKNHZ.gif", "price": "1299", "unit_price": "$.46/ oz", "name": "Maxwell House 100% Colombian Coffee (Ground)", "cnid": "921202054323", "productId": "90495", "size": "28 oz can"},
{"thumb": "http://i4.peapod.com/c/KK/KKNHZ.gif", "price": "499", "unit_price": "$.47/ oz", "name": "Maxwell House 100% Colombian Coffee (Ground)", "cnid": "921202054323", "productId": "62253", "size": "10.5 oz can"},
{"thumb": "http://i4.peapod.com/c/KK/KKNHZ.gif", "price": "349", "unit_price": "$.30/ oz", "name": "Maxwell House Coffee (Ground)", "cnid": "921202054323", "productId": "6025", "size": "11.5 oz can"},
{"thumb": "http://i4.peapod.com/c/KK/KKNHZ.gif", "price": "499", "unit_price": "$.50/ ea", "name": "Maxwell House Coffee Ground Filter Packs", "cnid": "921202054323", "productId": "6028", "size": "10 ct box"},
{"thumb": "http://i4.peapod.com/c/KK/KKNHZ.gif", "price": "349", "unit_price": "$.32/ oz", "name": "Maxwell House Coffee Lite 50% Less Caffeine (Ground)", "cnid": "921202054323", "productId": "61990", "size": "11 oz can"},
{"thumb": "http://i4.peapod.com/c/KK/KKNHZ.gif", "price": "629", "unit_price": "$.57/ oz", "name": "Maxwell House Coffee Naturally Decaffeinated (Ground)", "cnid": "921202054323", "productId": "6035", "size": "11 oz can"},
{"thumb": "http://i4.peapod.com/c/KK/KKNHZ.gif", "price": "899", "unit_price": "$.31/ oz", "name": "Maxwell House French Roast Coffee (Ground)", "cnid": "921202054323", "productId": "26996", "size": "29.3 oz can"},
{"thumb": "http://i4.peapod.com/c/KK/KKNHZ.gif", "price": "999", "unit_price": "$.83/ oz", "name": "Maxwell House Instant Coffee", "cnid": "921202054323", "productId": "16321", "size": "12 oz jar"},
{"thumb": "http://i4.peapod.com/c/KK/KKNHZ.gif", "price": "379", "unit_price": "$.92/ oz", "name": "Maxwell House International Cafe Suisse Mocha Beverage Mix", "cnid": "921202054323", "productId": "181342", "size": "4.1 oz can"},
{"thumb": "http://i4.peapod.com/c/KK/KKNHZ.gif", "price": "379", "unit_price": "$.45/ oz", "name": "Maxwell House International French Vanilla Cafe Beverage Mix", "cnid": "921202054323", "productId": "18787", "size": "8.4 oz can"},
{"thumb": "http://i4.peapod.com/c/KK/KKNHZ.gif", "price": "349", "unit_price": "$.30/ oz", "name": "Maxwell House Master Blend Mild Coffee (Ground)", "cnid": "921202054323", "productId": "6033", "size": "11.5 oz can"},
{"thumb": "http://i4.peapod.com/c/KK/KKNHZ.gif", "price": "799", "unit_price": "$1.00/ oz", "name": "Maxwell House Naturally Instant Coffee Decaffeinated", "cnid": "921202054323", "productId": "6047", "size": "8 oz jar"},
{"thumb": "http://i4.peapod.com/c/KK/KKNHZ.gif", "price": "699", "unit_price": "$.87/ oz", "name": "Maxwell House Original Instant Coffee", "cnid": "921202054323", "productId": "6045", "size": "8 oz jar"},
{"thumb": "http://i4.peapod.com/c/KK/KKNHZ.gif", "price": "899", "unit_price": "$.29/ oz", "name": "Maxwell House Original Medium Roast Coffee (Ground)", "cnid": "921202054323", "productId": "23399", "size": "30.6 oz can"},
{"thumb": "http://i4.peapod.com/c/KK/KKNHZ.gif", "price": "219", "unit_price": "$.05/ ea", "name": "Melitta Coffee Filters #4 Natural Brown", "cnid": "921202054323", "productId": "7798", "size": "40 ct pkg"},
{"thumb": "http://i4.peapod.com/c/KK/KKNHZ.gif", "price": "219", "unit_price": "$.05/ ea", "name": "Melitta Coffee Filters Cone #2", "cnid": "921202054323", "productId": "7796", "size": "40 ct pkg"},
{"thumb": "http://i4.peapod.com/c/KK/KKNHZ.gif", "price": "499", "unit_price": "$.05/ ea", "name": "Melitta Coffee Filters Cone #4", "cnid": "921202054323", "productId": "45356", "size": "100 ct pkg"},
{"thumb": "http://i4.peapod.com/c/KK/KKNHZ.gif", "price": "499", "unit_price": "$.05/ ea", "name": "Melitta Coffee Filters Cone #4 Natural Brown", "cnid": "921202054323", "productId": "41821", "size": "100 ct pkg"},
{"thumb": "http://i4.peapod.com/c/KK/KKNHZ.gif", "price": "449", "unit_price": "$.41/ oz", "name": "Melitta Medium Roast Classic Blend Coffee (Extra Fine Grind)", "cnid": "921202054323", "productId": "7794", "size": "11 oz can"},
{"thumb": "http://i4.peapod.com/c/KK/KKNHZ.gif", "price": "599", "unit_price": "$.60/ oz", "name": "Nature's Promise Organics Breakfast Blend Coffee (Ground)", "cnid": "921202054323", "productId": "174926", "size": "10 oz bag"},
{"thumb": "http://i4.peapod.com/c/KK/KKNHZ.gif", "price": "599", "unit_price": "$.60/ oz", "name": "Nature's Promise Organics Colombian Coffee (Ground)", "cnid": "921202054323", "productId": "161922", "size": "10 oz bag"},
{"thumb": "http://i4.peapod.com/c/KK/KKNHZ.gif", "price": "599", "unit_price": "$.60/ oz", "name": "Nature's Promise Organics French Roast Coffee (Ground)", "cnid": "921202054323", "productId": "161923", "size": "10 oz bag"},
{"thumb": "http://i4.peapod.com/c/KK/KKNHZ.gif", "price": "599", "unit_price": "$.60/ oz", "name": "Nature's Promise Organics Sumatra Coffee (Ground)", "cnid": "921202054323", "productId": "161924", "size": "10 oz bag"},
{"thumb": "http://i4.peapod.com/c/KK/KKNHZ.gif", "price": "599", "unit_price": "$.60/ oz", "name": "Nature's Promise Organics Sumatra Coffee Decaffeinated (Ground)", "cnid": "921202054323", "productId": "186660", "size": "10 oz bag"},
{"thumb": "http://i4.peapod.com/c/KK/KKNHZ.gif", "price": "1099", "unit_price": "$1.57/ oz", "name": "Nescafe Taster's Choice French Roast Instant Coffee", "cnid": "921202054323", "productId": "2570", "size": "7 oz jar"},
{"thumb": "http://i4.peapod.com/c/KK/KKNHZ.gif", "price": "1099", "unit_price": "$1.57/ oz", "name": "Nescafe Taster's Choice Gourmet Instant Coffee", "cnid": "921202054323", "productId": "2566", "size": "7 oz jar"},
{"thumb": "http://i4.peapod.com/c/KK/KKNHZ.gif", "price": "399", "unit_price": "$2.59/ oz", "name": "Nescafe Taster's Choice Original Gourmet Instant Coffee Packets - 22 ct", "cnid": "921202054323", "productId": "155900", "size": "1.54 oz box"},
{"thumb": "http://i4.peapod.com/c/KK/KKNHZ.gif", "price": "749", "unit_price": "$.68/ oz", "name": "New England 100% Colombian Supremo Coffee (Ground)", "cnid": "921202054323", "productId": "161917", "size": "11 oz bag"},
{"thumb": "http://i4.peapod.com/c/KK/KKNHZ.gif", "price": "749", "unit_price": "$.62/ oz", "name": "New England Breakfast Blend Medium Roasted Coffee (Ground)", "cnid": "921202054323", "productId": "125262", "size": "12 oz bag"},
{"thumb": "http://i4.peapod.com/c/KK/KKNHZ.gif", "price": "749", "unit_price": "$.75/ oz", "name": "New England Colombian Coffee Decaffeinated (Ground)", "cnid": "921202054323", "productId": "148614", "size": "10 oz bag"},
{"thumb": "http://i4.peapod.com/c/KK/KKNHZ.gif", "price": "749", "unit_price": "$.68/ oz", "name": "New England French Vanilla Medium Roast Coffee (Ground)", "cnid": "921202054323", "productId": "125264", "size": "11 oz bag"},
{"thumb": "http://i4.peapod.com/c/KK/KKNHZ.gif", "price": "749", "unit_price": "$.75/ oz", "name": "New England Hazelnut Coffee Decaffeinated (Ground)", "cnid": "921202054323", "productId": "130781", "size": "10 oz bag"},
{"thumb": "http://i4.peapod.com/c/KK/KKNHZ.gif", "price": "749", "unit_price": "$.68/ oz", "name": "New England Hazelnut Cream Medium Coffee (Ground)", "cnid": "921202054323", "productId": "127766", "size": "11 oz bag"},
{"thumb": "http://i4.peapod.com/c/KK/KKNHZ.gif", "price": "899", "unit_price": "$.90/ oz", "name": "Newman's Own Organics French Roast Coffee (Ground)", "cnid": "921202054323", "productId": "155224", "size": "10 oz bag"},
{"thumb": "http://i4.peapod.com/c/KK/KKNHZ.gif", "price": "899", "unit_price": "$.90/ oz", "name": "Newman's Own Organics Nell's Breakfast Blend Coffee (Ground)", "cnid": "921202054323", "productId": "167344", "size": "10 oz bag"},
{"thumb": "http://i4.peapod.com/c/KK/KKNHZ.gif", "price": "899", "unit_price": "$.90/ oz", "name": "Newman's Own Organics Newman's Special Coffee Decaf (Ground)", "cnid": "921202054323", "productId": "161918", "size": "10 oz bag"},
{"thumb": "http://i4.peapod.com/c/KK/KKNHZ.gif", "price": "899", "unit_price": "$.90/ oz", "name": "Newman's Own Organics Special Blend Coffee (Ground)", "cnid": "921202054323", "productId": "155225", "size": "10 oz bag"},
{"thumb": "http://i4.peapod.com/c/KK/KKNHZ.gif", "price": "849", "unit_price": "$.71/ ea", "name": "Newman's Own Organics Special Blend Extra Bold Coffee Decaffeinated K-Cups", "cnid": "921202054323", "productId": "157096", "size": "12 ct box"},
{"thumb": "http://i4.peapod.com/c/KK/KKNHZ.gif", "price": "849", "unit_price": "$.71/ ea", "name": "Newman's Own Organics Special Blend Extra Bold Medium Roast Coffee K-Cups", "cnid": "921202054323", "productId": "156489", "size": "12 ct box"},
{"thumb": "http://i4.peapod.com/c/KK/KKNHZ.gif", "price": "899", "unit_price": "$.75/ oz", "name": "Peet's Colombia Coffee (Ground)", "cnid": "921202054323", "productId": "153918", "size": "12 oz bag"},
{"thumb": "http://i4.peapod.com/c/KK/KKNHZ.gif", "price": "899", "unit_price": "$.75/ oz", "name": "Peet's French Roast Coffee (Ground)", "cnid": "921202054323", "productId": "153916", "size": "12 oz bag"},
{"thumb": "http://i4.peapod.com/c/KK/KKNHZ.gif", "price": "899", "unit_price": "$.75/ oz", "name": "Peet's French Roast Coffee (Whole Bean)", "cnid": "921202054323", "productId": "161919", "size": "12 oz bag"},
{"thumb": "http://i4.peapod.com/c/KK/KKNHZ.gif", "price": "899", "unit_price": "$.75/ oz", "name": "Peet's House Blend Coffee (Ground)", "cnid": "921202054323", "productId": "153917", "size": "12 oz bag"},
{"thumb": "http://i4.peapod.com/c/KK/KKNHZ.gif", "price": "899", "unit_price": "$.75/ oz", "name": "Peet's House Blend Coffee (Whole Bean)", "cnid": "921202054323", "productId": "153914", "size": "12 oz bag"},
{"thumb": "http://i4.peapod.com/c/KK/KKNHZ.gif", "price": "899", "unit_price": "$.75/ oz", "name": "Peet's House Blend Coffee Decaffeinated (Ground)", "cnid": "921202054323", "productId": "153920", "size": "12 oz bag"},
{"thumb": "http://i4.peapod.com/c/KK/KKNHZ.gif", "price": "899", "unit_price": "$.75/ oz", "name": "Peet's Major Dickason's Blend Coffee (Ground)", "cnid": "921202054323", "productId": "153919", "size": "12 oz bag"},
{"thumb": "http://i4.peapod.com/c/KK/KKNHZ.gif", "price": "899", "unit_price": "$.75/ oz", "name": "Peet's Major Dickason's Blend Coffee (Whole Bean)", "cnid": "921202054323", "productId": "153915", "size": "12 oz bag"},
{"thumb": "http://i4.peapod.com/c/KK/KKNHZ.gif", "price": "899", "unit_price": "$.75/ oz", "name": "Peet's Sumatra Coffee (Ground)", "cnid": "921202054323", "productId": "161920", "size": "12 oz bag"},
{"thumb": "http://i4.peapod.com/c/KK/KKNHZ.gif", "price": "599", "unit_price": "$.50/ oz", "name": "Simply Enjoy Breakfast Blend Coffee (Ground)", "cnid": "921202054323", "productId": "159307", "size": "12 oz bag"},
{"thumb": "http://i4.peapod.com/c/KK/KKNHZ.gif", "price": "599", "unit_price": "$.50/ oz", "name": "Simply Enjoy Vanilla Creme Coffee (Ground)", "cnid": "921202054323", "productId": "159308", "size": "12 oz bag"},
{"thumb": "http://i4.peapod.com/c/KK/KKNHZ.gif", "price": "1049", "unit_price": "$.87/ oz", "name": "Starbucks Bold Espresso Roast Coffee (Ground)", "cnid": "921202054323", "productId": "94057", "size": "12 oz bag"},
{"thumb": "http://i4.peapod.com/c/KK/KKNHZ.gif", "price": "1049", "unit_price": "$.87/ oz", "name": "Starbucks Breakfast Blend Medium Coffee (Ground)", "cnid": "921202054323", "productId": "117409", "size": "12 oz bag"},
{"thumb": "http://i4.peapod.com/c/KK/KKNHZ.gif", "price": "1049", "unit_price": "$.87/ oz", "name": "Starbucks Breakfast Blend Medium Coffee (Whole Bean)", "cnid": "921202054323", "productId": "114040", "size": "12 oz bag"},
{"thumb": "http://i4.peapod.com/c/KK/KKNHZ.gif", "price": "1049", "unit_price": "$.87/ oz", "name": "Starbucks Caffe Verona Bold Coffee (Ground)", "cnid": "921202054323", "productId": "135389", "size": "12 oz bag"},
{"thumb": "http://i4.peapod.com/c/KK/KKNHZ.gif", "price": "1049", "unit_price": "$.87/ oz", "name": "Starbucks Caffe Verona Bold Coffee Decaffeinated (Ground)", "cnid": "921202054323", "productId": "135390", "size": "12 oz bag"},
{"thumb": "http://i4.peapod.com/c/KK/KKNHZ.gif", "price": "499", "unit_price": "$.13/ oz", "name": "Starbucks Coffee Frappuccino - 4 pk", "cnid": "921202054323", "productId": "72990", "size": "9.5 oz btl"},
{"thumb": "http://i4.peapod.com/c/KK/KKNHZ.gif", "price": "1049", "unit_price": "$.87/ oz", "name": "Starbucks Colombia Medium Coffee (Ground)", "cnid": "921202054323", "productId": "94059", "size": "12 oz bag"},
{"thumb": "http://i4.peapod.com/c/KK/KKNHZ.gif", "price": "1049", "unit_price": "$.87/ oz", "name": "Starbucks Colombia Medium Coffee (Whole Bean)", "cnid": "921202054323", "productId": "94053", "size": "12 oz bag"},
{"thumb": "http://i4.peapod.com/c/KK/KKNHZ.gif", "price": "1049", "unit_price": "$.87/ oz", "name": "Starbucks Dark Morning Joe Coffee (Ground)", "cnid": "921202054323", "productId": "135394", "size": "12 oz bag"},
{"thumb": "http://i4.peapod.com/c/KK/KKNHZ.gif", "price": "1049", "unit_price": "$.87/ oz", "name": "Starbucks French Roast Dark Coffee (Ground)", "cnid": "921202054323", "productId": "94061", "size": "12 oz bag"},
{"thumb": "http://i4.peapod.com/c/KK/KKNHZ.gif", "price": "1049", "unit_price": "$.87/ oz", "name": "Starbucks French Roast Dark Coffee (Whole Bean)", "cnid": "921202054323", "productId": "94056", "size": "12 oz bag"},
{"thumb": "http://i4.peapod.com/c/KK/KKNHZ.gif", "price": "1049", "unit_price": "$.87/ oz", "name": "Starbucks House Blend Medium Coffee (Ground)", "cnid": "921202054323", "productId": "112148", "size": "12 oz bag"},
{"thumb": "http://i4.peapod.com/c/KK/KKNHZ.gif", "price": "1049", "unit_price": "$.87/ oz", "name": "Starbucks House Blend Medium Coffee Decaffeinated (Ground)", "cnid": "921202054323", "productId": "94060", "size": "12 oz bag"},
{"thumb": "http://i4.peapod.com/c/KK/KKNHZ.gif", "price": "1049", "unit_price": "$.87/ oz", "name": "Starbucks Italian Roast Coffee (Ground)", "cnid": "921202054323", "productId": "135392", "size": "12 oz bag"},
{"thumb": "http://i4.peapod.com/c/KK/KKNHZ.gif", "price": "499", "unit_price": "$.13/ oz", "name": "Starbucks Mocha Frappuccino - 4 pk", "cnid": "921202054323", "productId": "72991", "size": "9.5 oz btl"},
{"thumb": "http://i4.peapod.com/c/KK/KKNHZ.gif", "price": "1049", "unit_price": "$.95/ oz", "name": "Starbucks Natural Fusions Caramel Coffee (Ground)", "cnid": "921202054323", "productId": "160676", "size": "11 oz bag"},
{"thumb": "http://i4.peapod.com/c/KK/KKNHZ.gif", "price": "1049", "unit_price": "$.87/ oz", "name": "Starbucks Sumatra Dark Coffee (Ground)", "cnid": "921202054323", "productId": "135393", "size": "12 oz bag"},
{"thumb": "http://i4.peapod.com/c/KK/KKNHZ.gif", "price": "499", "unit_price": "$.13/ oz", "name": "Starbucks Vanilla Frappuccino - 4 pk", "cnid": "921202054323", "productId": "94186", "size": "9.5 oz btl"},
{"thumb": "http://i4.peapod.com/c/KK/KKNHZ.gif", "price": "799", "unit_price": "$8.59/ oz", "name": "Starbucks VIA Ready Brew Instant Coffee Colombia Medium - 8 ct", "cnid": "921202054323", "productId": "172821", "size": ".93 oz pkg"},
{"thumb": "http://i4.peapod.com/c/KK/KKNHZ.gif", "price": "350", "unit_price": "$.32/ oz", "name": "Stop & Shop 100% Colombian Coffee (Ground)", "cnid": "921202054323", "productId": "62001", "size": "11 oz can"},
{"thumb": "http://i4.peapod.com/c/KK/KKNHZ.gif", "price": "379", "unit_price": "$.04/ ea", "name": "Stop & Shop Coffee Filters #2 Cone Style Natural", "cnid": "921202054323", "productId": "148606", "size": "100 ct pkg"},
{"thumb": "http://i4.peapod.com/c/KK/KKNHZ.gif", "price": "379", "unit_price": "$.04/ ea", "name": "Stop & Shop Coffee Filters #4 Cone Style", "cnid": "921202054323", "productId": "146244", "size": "100 ct pkg"},
{"thumb": "http://i4.peapod.com/c/KK/KKNHZ.gif", "price": "379", "unit_price": "$.04/ ea", "name": "Stop & Shop Coffee Filters #4 Cone Style Unbleached Natural", "cnid": "921202054323", "productId": "146243", "size": "100 ct pkg"},
{"thumb": "http://i4.peapod.com/c/KK/KKNHZ.gif", "price": "189", "unit_price": "$.01/ ea", "name": "Stop & Shop Coffee Filters Basket Style 1-4 Cup", "cnid": "921202054323", "productId": "144991", "size": "200 ct pkg"},
{"thumb": "http://i4.peapod.com/c/KK/KKNHZ.gif", "price": "189", "unit_price": "$.01/ ea", "name": "Stop & Shop Coffee Filters Basket Style 8-12 Cup", "cnid": "921202054323", "productId": "58267", "size": "200 ct pkg"},
{"thumb": "http://i4.peapod.com/c/KK/KKNHZ.gif", "price": "189", "unit_price": "$.01/ ea", "name": "Stop & Shop Coffee Filters Basket Style Natural 8-12 Cup", "cnid": "921202054323", "productId": "93929", "size": "200 ct pkg"},
{"thumb": "http://i4.peapod.com/c/KK/KKNHZ.gif", "price": "979", "unit_price": "$.30/ oz", "name": "Stop & Shop Coffee Lite 1/2 The Caffeine (Ground)", "cnid": "921202054323", "productId": "150977", "size": "33 oz can"},
{"thumb": "http://i4.peapod.com/c/KK/KKNHZ.gif", "price": "1099", "unit_price": "$.33/ oz", "name": "Stop & Shop Colombian Supreme Coffee (Ground)", "cnid": "921202054323", "productId": "150978", "size": "33 oz can"},
{"thumb": "http://i4.peapod.com/c/KK/KKNHZ.gif", "price": "350", "unit_price": "$.32/ oz", "name": "Stop & Shop French Roast Coffee (Ground)", "cnid": "921202054323", "productId": "58283", "size": "11 oz can"},
{"thumb": "http://i4.peapod.com/c/KK/KKNHZ.gif", "price": "350", "unit_price": "$.30/ oz", "name": "Stop & Shop Original Coffee Decaffeinated (Ground)", "cnid": "921202054323", "productId": "58279", "size": "11.5 oz can"},
{"thumb": "http://i4.peapod.com/c/KK/KKNHZ.gif", "price": "350", "unit_price": "$.27/ oz", "name": "Stop & Shop Original Roast Coffee (Ground)", "cnid": "921202054323", "productId": "158007", "size": "13 oz can"},
{"thumb": "http://i4.peapod.com/c/KK/KKNHZ.gif", "price": "519", "unit_price": "$.65/ oz", "name": "Stop & Shop Original Roast Instant Coffee", "cnid": "921202054323", "productId": "58271", "size": "8 oz jar"},
{"thumb": "http://i4.peapod.com/c/KK/KKNHZ.gif", "price": "949", "unit_price": "$.41/ oz", "name": "Stop & Shop Original Roast Medium Coffee Decaffeinated (Ground)", "cnid": "921202054323", "productId": "163886", "size": "23 oz can"},
{"thumb": "http://i4.peapod.com/c/KK/KKNHZ.gif", "price": "959", "unit_price": "$.80/ ea", "name": "Barista Prima Coffeehouse Colombia Medium-Dark Roast Coffee K-Cups", "cnid": "9212035234", "productId": "184280", "size": "12 ct box"},
{"thumb": "http://i4.peapod.com/c/KK/KKNHZ.gif", "price": "959", "unit_price": "$.80/ ea", "name": "Barista Prima Coffeehouse Italian Roast Dark Roast Coffee K-Cups", "cnid": "9212035234", "productId": "186535", "size": "12 ct box"},
{"thumb": "http://i4.peapod.com/c/KK/KKNHZ.gif", "price": "250", "unit_price": "$.16/ oz", "name": "Bolthouse Farms Perfectly Protein Hazelnut Latte Fresh", "cnid": "9212035234", "productId": "159082", "size": "15.2 oz btl"},
{"thumb": "http://i4.peapod.com/c/KK/KKNHZ.gif", "price": "250", "unit_price": "$.16/ oz", "name": "Bolthouse Farms Perfectly Protein Mocha Cappuccino Fresh", "cnid": "9212035234", "productId": "159078", "size": "15.2 oz btl"},
{"thumb": "http://i4.peapod.com/c/KK/KKNHZ.gif", "price": "399", "unit_price": "$.12/ oz", "name": "Bolthouse Farms Perfectly Protein Mocha Cappuccino Fresh", "cnid": "9212035234", "productId": "143528", "size": "32 oz btl"},
{"thumb": "http://i4.peapod.com/c/KK/KKNHZ.gif", "price": "399", "unit_price": "$.40/ oz", "name": "Cafe Bustelo Dark Roast Coffee Decaffeinated (Ground)", "cnid": "9212035234", "productId": "33265", "size": "10 oz can"},
{"thumb": "http://i4.peapod.com/c/KK/KKNHZ.gif", "price": "299", "unit_price": "$.30/ oz", "name": "Cafe Bustelo Dark Roast Espresso Coffee (Ground)", "cnid": "9212035234", "productId": "58288", "size": "10 oz can"},
{"thumb": "http://i4.peapod.com/c/KK/KKNHZ.gif", "price": "849", "unit_price": "$.71/ ea", "name": "Caribou Caribou Blend Medium Roast Coffee K-Cups", "cnid": "9212035234", "productId": "157097", "size": "12 ct box"},
{"thumb": "http://i4.peapod.com/c/KK/KKNHZ.gif", "price": "849", "unit_price": "$.71/ ea", "name": "Caribou Daybreak Morning Blend Light Roast Coffee K-Cups", "cnid": "9212035234", "productId": "158153", "size": "12 ct box"},
{"thumb": "http://i4.peapod.com/c/KK/KKNHZ.gif", "price": "1349", "unit_price": "$.49/ oz", "name": "Chock Full O'Nuts 100% Colombian Coffee (Ground)", "cnid": "9212035234", "productId": "175046", "size": "27.8 oz can"},
{"thumb": "http://i4.peapod.com/c/KK/KKNHZ.gif", "price": "579", "unit_price": "$.56/ oz", "name": "Chock Full O'Nuts 100% Colombian Coffee (Ground)", "cnid": "9212035234", "productId": "77453", "size": "10.3 oz can"},
{"thumb": "http://i4.peapod.com/c/KK/KKNHZ.gif", "price": "549", "unit_price": "$.53/ oz", "name": "Chock Full O'Nuts French Roast Coffee (Ground)", "cnid": "9212035234", "productId": "58293", "size": "10.3 oz can"},
{"thumb": "http://i4.peapod.com/c/KK/KKNHZ.gif", "price": "549", "unit_price": "$.49/ oz", "name": "Chock Full O'Nuts Original Coffee (Ground)", "cnid": "9212035234", "productId": "8321", "size": "11.3 oz can"},
{"thumb": "http://i4.peapod.com/c/KK/KKNHZ.gif", "price": "1249", "unit_price": "$.37/ oz", "name": "Chock Full O'Nuts Original Medium Roast Coffee (Ground)", "cnid": "9212035234", "productId": "73434", "size": "33.9 oz can"},
{"thumb": "http://i4.peapod.com/c/KK/KKNHZ.gif", "price": "799", "unit_price": "$.67/ ea", "name": "Donut House Collection Donut House Decaf Light Roast Coffee K-Cups", "cnid": "9212035234", "productId": "161891", "size": "12 ct box"},
{"thumb": "http://i4.peapod.com/c/KK/KKNHZ.gif", "price": "799", "unit_price": "$.67/ ea", "name": "Donut House Collection Donut House Light Roast Coffee K-Cups", "cnid": "9212035234", "productId": "161892", "size": "12 ct box"},
{"thumb": "http://i4.peapod.com/c/KK/KKNHZ.gif", "price": "699", "unit_price": "$.58/ oz", "name": "Dunkin' Donuts Cinnamon Spice Coffee (Ground)", "cnid": "9212035234", "productId": "146624", "size": "12 oz bag"},
{"thumb": "http://i4.peapod.com/c/KK/KKNHZ.gif", "price": "699", "unit_price": "$.63/ oz", "name": "Dunkin' Donuts Dark Roast Coffee (Ground)", "cnid": "9212035234", "productId": "155261", "size": "11 oz bag"},
{"thumb": "http://i4.peapod.com/c/KK/KKNHZ.gif", "price": "699", "unit_price": "$.58/ oz", "name": "Dunkin' Donuts French Vanilla Coffee (Ground)", "cnid": "9212035234", "productId": "146625", "size": "12 oz bag"},
{"thumb": "http://i4.peapod.com/c/KK/KKNHZ.gif", "price": "699", "unit_price": "$.58/ oz", "name": "Dunkin' Donuts Hazelnut Coffee (Ground)", "cnid": "9212035234", "productId": "146139", "size": "12 oz bag"},
{"thumb": "http://i4.peapod.com/c/KK/KKNHZ.gif", "price": "699", "unit_price": "$.58/ oz", "name": "Dunkin' Donuts Original Blend Medium Roast Coffee (Ground)", "cnid": "9212035234", "productId": "146141", "size": "12 oz bag"},
{"thumb": "http://i4.peapod.com/c/KK/KKNHZ.gif", "price": "1599", "unit_price": "$.67/ oz", "name": "Dunkin' Donuts Original Blend Medium Roast Coffee (Ground)", "cnid": "9212035234", "productId": "153576", "size": "24 oz bag"},
{"thumb": "http://i4.peapod.com/c/KK/KKNHZ.gif", "price": "699", "unit_price": "$.58/ oz", "name": "Dunkin' Donuts Original Blend Medium Roast Coffee (Whole Bean)", "cnid": "9212035234", "productId": "146138", "size": "12 oz bag"},
{"thumb": "http://i4.peapod.com/c/KK/KKNHZ.gif", "price": "699", "unit_price": "$.58/ oz", "name": "Dunkin' Donuts Original Coffee Decaffeinated (Ground)", "cnid": "9212035234", "productId": "146140", "size": "12 oz bag"},
{"thumb": "http://i4.peapod.com/c/KK/KKNHZ.gif", "price": "649", "unit_price": "$.59/ oz", "name": "Eight O'Clock 100% Colombian Medium Roast Coffee (Automatic Grind)", "cnid": "9212035234", "productId": "141614", "size": "11 oz bag"},
{"thumb": "http://i4.peapod.com/c/KK/KKNHZ.gif", "price": "1599", "unit_price": "$.49/ oz", "name": "Eight O'Clock 100% Colombian Medium Roast Coffee (Whole Bean)", "cnid": "9212035234", "productId": "34529", "size": "33 oz bag"},
{"thumb": "http://i4.peapod.com/c/KK/KKNHZ.gif", "price": "649", "unit_price": "$.59/ oz", "name": "Eight O'Clock French Vanilla Coffee (Ground)", "cnid": "9212035234", "productId": "148610", "size": "11 oz bag"},
{"thumb": "http://i4.peapod.com/c/KK/KKNHZ.gif", "price": "649", "unit_price": "$.59/ oz", "name": "Eight O'Clock Hazelnut Coffee (Ground)", "cnid": "9212035234", "productId": "141615", "size": "11 oz bag"},
{"thumb": "http://i4.peapod.com/c/KK/KKNHZ.gif", "price": "1599", "unit_price": "$.44/ oz", "name": "Eight O'Clock Original Blend Coffee (Ground)", "cnid": "9212035234", "productId": "150928", "size": "36 oz bag"},
{"thumb": "http://i4.peapod.com/c/KK/KKNHZ.gif", "price": "1599", "unit_price": "$.44/ oz", "name": "Eight O'Clock Original Coffee (Whole Bean)", "cnid": "9212035234", "productId": "378", "size": "36 oz bag"},
{"thumb": "http://i4.peapod.com/c/KK/KKNHZ.gif", "price": "469", "unit_price": "$2.35/ oz", "name": "Ferrara Espresso Instant Coffee", "cnid": "9212035234", "productId": "156869", "size": "2 oz jar"},
{"thumb": "http://i4.peapod.com/c/KK/KKNHZ.gif", "price": "1299", "unit_price": "$.47/ oz", "name": "Folgers 100% Colombian Medium Dark Coffee (Ground)", "cnid": "9212035234", "productId": "44528", "size": "27.8 oz can"},
{"thumb": "http://i4.peapod.com/c/KK/KKNHZ.gif", "price": "469", "unit_price": "$.46/ oz", "name": "Folgers Black Silk Dark Coffee (Ground)", "cnid": "9212035234", "productId": "167719", "size": "10.3 oz can"},
{"thumb": "http://i4.peapod.com/c/KK/KKNHZ.gif", "price": "469", "unit_price": "$.43/ oz", "name": "Folgers Breakfast Blend Mild Coffee (Ground)", "cnid": "9212035234", "productId": "89681", "size": "10.8 oz can"},
{"thumb": "http://i4.peapod.com/c/KK/KKNHZ.gif", "price": "599", "unit_price": "$2.00/ oz", "name": "Folgers Classic Coffee Decaffeinated Singles - 19 ct", "cnid": "9212035234", "productId": "2350", "size": "3 oz box"},
{"thumb": "http://i4.peapod.com/c/KK/KKNHZ.gif", "price": "649", "unit_price": "$.57/ oz", "name": "Folgers Classic Decaf Medium Roast Coffee (Ground)", "cnid": "9212035234", "productId": "19766", "size": "11.3 oz can"},
{"thumb": "http://i4.peapod.com/c/KK/KKNHZ.gif", "price": "469", "unit_price": "$.43/ oz", "name": "Folgers Classic Roast 1/2 Caffeine Medium Coffee (Ground)", "cnid": "9212035234", "productId": "117773", "size": "10.8 oz can"},
{"thumb": "http://i4.peapod.com/c/KK/KKNHZ.gif", "price": "599", "unit_price": "$2.00/ oz", "name": "Folgers Classic Roast Coffee Singles - 19 ct", "cnid": "9212035234", "productId": "2349", "size": "3 oz box"},
{"thumb": "http://i4.peapod.com/c/KK/KKNHZ.gif", "price": "469", "unit_price": "$1.56/ oz", "name": "Folgers Classic Roast Instant Coffee Crystals", "cnid": "9212035234", "productId": "2340", "size": "3 oz jar"},
{"thumb": "http://i4.peapod.com/c/KK/KKNHZ.gif", "price": "999", "unit_price": "$.83/ oz", "name": "Folgers Classic Roast Instant Coffee Crystals", "cnid": "9212035234", "productId": "27331", "size": "12 oz jar"},
{"thumb": "http://i4.peapod.com/c/KK/KKNHZ.gif", "price": "699", "unit_price": "$.87/ oz", "name": "Folgers Classic Roast Instant Coffee Crystals", "cnid": "9212035234", "productId": "2341", "size": "8 oz jar"},
{"thumb": "http://i4.peapod.com/c/KK/KKNHZ.gif", "price": "469", "unit_price": "$.41/ oz", "name": "Folgers Classic Roast Medium Coffee (Ground)", "cnid": "9212035234", "productId": "13746", "size": "11.3 oz can"},
{"thumb": "http://i4.peapod.com/c/KK/KKNHZ.gif", "price": "1149", "unit_price": "$.34/ oz", "name": "Folgers Classic Roast Medium Coffee (Ground)", "cnid": "9212035234", "productId": "16290", "size": "33.9 oz can"},
{"thumb": "http://i4.peapod.com/c/KK/KKNHZ.gif", "price": "849", "unit_price": "$.71/ ea", "name": "Folgers Gourmet Selections Lively Colombian Medium Roast Coffee K-Cups", "cnid": "9212035234", "productId": "167535", "size": "12 ct box"},
{"thumb": "http://i4.peapod.com/c/KK/KKNHZ.gif", "price": "849", "unit_price": "$.71/ ea", "name": "Folgers Gourmet Selections Vanilla Biscotti Coffee K-Cups", "cnid": "9212035234", "productId": "169582", "size": "12 ct box"},
{"thumb": "http://i4.peapod.com/c/KK/KKNHZ.gif", "price": "1149", "unit_price": "$.41/ oz", "name": "Folgers Gourmet Supreme Coffee (Ground)", "cnid": "9212035234", "productId": "72069", "size": "27.8 oz can"},
{"thumb": "http://i4.peapod.com/c/KK/KKNHZ.gif", "price": "799", "unit_price": "$1.00/ oz", "name": "Folgers Instant Coffee Crystals Classic Decaf", "cnid": "9212035234", "productId": "2342", "size": "8 oz jar"},
{"thumb": "http://i4.peapod.com/c/KK/KKNHZ.gif", "price": "849", "unit_price": "$.71/ ea", "name": "Green Mountain Breakfast Blend Light Roast Coffee Decaffeinated K-Cups", "cnid": "9212035234", "productId": "158161", "size": "12 ct box"},
{"thumb": "http://i4.peapod.com/c/KK/KKNHZ.gif", "price": "849", "unit_price": "$.71/ ea", "name": "Green Mountain Breakfast Blend Light Roast Coffee K-Cups", "cnid": "9212035234", "productId": "157098", "size": "12 ct box"},
{"thumb": "http://i4.peapod.com/c/KK/KKNHZ.gif", "price": "899", "unit_price": "$.75/ oz", "name": "Green Mountain Coffee Decaffeinated (Ground)", "cnid": "9212035234", "productId": "148612", "size": "12 oz bag"},
{"thumb": "http://i4.peapod.com/c/KK/KKNHZ.gif", "price": "849", "unit_price": "$.71/ ea", "name": "Green Mountain French Vanilla Light Roast Coffee K-Cups", "cnid": "9212035234", "productId": "158157", "size": "12 ct box"},
{"thumb": "http://i4.peapod.com/c/KK/KKNHZ.gif", "price": "849", "unit_price": "$.71/ ea", "name": "Green Mountain Hazelnut Light Roast Coffee K-Cups", "cnid": "9212035234", "productId": "156430", "size": "12 ct box"},
{"thumb": "http://i4.peapod.com/c/KK/KKNHZ.gif", "price": "849", "unit_price": "$.71/ ea", "name": "Green Mountain Nantucket Blend Medium Roast Coffee K-Cups", "cnid": "9212035234", "productId": "156429", "size": "12 ct box"},
{"thumb": "http://i4.peapod.com/c/KK/KKNHZ.gif", "price": "899", "unit_price": "$.75/ oz", "name": "Green Mountain Our Blend Coffee (Ground)", "cnid": "9212035234", "productId": "155858", "size": "12 oz bag"},
{"thumb": "http://i4.peapod.com/c/KK/KKNHZ.gif", "price": "899", "unit_price": "$.75/ oz", "name": "Green Mountain Signature Breakfast Blend Coffee (Ground)", "cnid": "9212035234", "productId": "116826", "size": "12 oz bag"},
{"thumb": "http://i4.peapod.com/c/KK/KKNHZ.gif", "price": "899", "unit_price": "$.75/ oz", "name": "Green Mountain Vermont Country Blend Coffee (Ground)", "cnid": "9212035234", "productId": "116829", "size": "12 oz bag"},
{"thumb": "http://i4.peapod.com/c/KK/KKNHZ.gif", "price": "550", "unit_price": "$.16/ oz", "name": "Guaranteed Value Coffee Medium Roast (Ground)", "cnid": "9212035234", "productId": "172229", "size": "34.5 oz can"},
{"thumb": "http://i4.peapod.com/c/KK/KKNHZ.gif", "price": "619", "unit_price": "$.52/ oz", "name": "Harmony Bay French Vanilla Creme Coffee (Ground)", "cnid": "9212035234", "productId": "138200", "size": "12 oz can"},
{"thumb": "http://i4.peapod.com/c/KK/KKNHZ.gif", "price": "629", "unit_price": "$.52/ oz", "name": "Harmony Bay Hazelnut Coffee Decaffeinated (Ground)", "cnid": "9212035234", "productId": "138202", "size": "12 oz can"},
{"thumb": "http://i4.peapod.com/c/KK/KKNHZ.gif", "price": "394", "unit_price": "$.06/ oz", "name": "International Delight Mocha Iced Coffee Refrigerated", "cnid": "9212035234", "productId": "185714", "size": "64 oz ctn"},
{"thumb": "http://i4.peapod.com/c/KK/KKNHZ.gif", "price": "394", "unit_price": "$.06/ oz", "name": "International Delight Original Iced Coffee Refrigerated", "cnid": "9212035234", "productId": "185713", "size": "64 oz ctn"},
{"thumb": "http://i4.peapod.com/c/KK/KKNHZ.gif", "price": "649", "unit_price": "$.81/ oz", "name": "LavAzza Premium Caffe Espresso Coffee (Ground)", "cnid": "9212035234", "productId": "36365", "size": "8 oz can"},
{"thumb": "http://i4.peapod.com/c/KK/KKNHZ.gif", "price": "1299", "unit_price": "$.46/ oz", "name": "Maxwell House 100% Colombian Coffee (Ground)", "cnid": "9212035234", "productId": "90495", "size": "28 oz can"},
{"thumb": "http://i4.peapod.com/c/KK/KKNHZ.gif", "price": "499", "unit_price": "$.47/ oz", "name": "Maxwell House 100% Colombian Coffee (Ground)", "cnid": "9212035234", "productId": "62253", "size": "10.5 oz can"},
{"thumb": "http://i4.peapod.com/c/KK/KKNHZ.gif", "price": "349", "unit_price": "$.30/ oz", "name": "Maxwell House Coffee (Ground)", "cnid": "9212035234", "productId": "6025", "size": "11.5 oz can"},
{"thumb": "http://i4.peapod.com/c/KK/KKNHZ.gif", "price": "499", "unit_price": "$.50/ ea", "name": "Maxwell House Coffee Ground Filter Packs", "cnid": "9212035234", "productId": "6028", "size": "10 ct box"},
{"thumb": "http://i4.peapod.com/c/KK/KKNHZ.gif", "price": "349", "unit_price": "$.32/ oz", "name": "Maxwell House Coffee Lite 50% Less Caffeine (Ground)", "cnid": "9212035234", "productId": "61990", "size": "11 oz can"},
{"thumb": "http://i4.peapod.com/c/KK/KKNHZ.gif", "price": "629", "unit_price": "$.57/ oz", "name": "Maxwell House Coffee Naturally Decaffeinated (Ground)", "cnid": "9212035234", "productId": "6035", "size": "11 oz can"},
{"thumb": "http://i4.peapod.com/c/KK/KKNHZ.gif", "price": "899", "unit_price": "$.31/ oz", "name": "Maxwell House French Roast Coffee (Ground)", "cnid": "9212035234", "productId": "26996", "size": "29.3 oz can"},
{"thumb": "http://i4.peapod.com/c/KK/KKNHZ.gif", "price": "999", "unit_price": "$.83/ oz", "name": "Maxwell House Instant Coffee", "cnid": "9212035234", "productId": "16321", "size": "12 oz jar"},
{"thumb": "http://i4.peapod.com/c/KK/KKNHZ.gif", "price": "379", "unit_price": "$.92/ oz", "name": "Maxwell House International Cafe Suisse Mocha Beverage Mix", "cnid": "9212035234", "productId": "181342", "size": "4.1 oz can"},
{"thumb": "http://i4.peapod.com/c/KK/KKNHZ.gif", "price": "379", "unit_price": "$.45/ oz", "name": "Maxwell House International French Vanilla Cafe Beverage Mix", "cnid": "9212035234", "productId": "18787", "size": "8.4 oz can"},
{"thumb": "http://i4.peapod.com/c/KK/KKNHZ.gif", "price": "349", "unit_price": "$.30/ oz", "name": "Maxwell House Master Blend Mild Coffee (Ground)", "cnid": "9212035234", "productId": "6033", "size": "11.5 oz can"},
{"thumb": "http://i4.peapod.com/c/KK/KKNHZ.gif", "price": "799", "unit_price": "$1.00/ oz", "name": "Maxwell House Naturally Instant Coffee Decaffeinated", "cnid": "9212035234", "productId": "6047", "size": "8 oz jar"},
{"thumb": "http://i4.peapod.com/c/KK/KKNHZ.gif", "price": "699", "unit_price": "$.87/ oz", "name": "Maxwell House Original Instant Coffee", "cnid": "9212035234", "productId": "6045", "size": "8 oz jar"},
{"thumb": "http://i4.peapod.com/c/KK/KKNHZ.gif", "price": "899", "unit_price": "$.29/ oz", "name": "Maxwell House Original Medium Roast Coffee (Ground)", "cnid": "9212035234", "productId": "23399", "size": "30.6 oz can"},
{"thumb": "http://i4.peapod.com/c/KK/KKNHZ.gif", "price": "219", "unit_price": "$.05/ ea", "name": "Melitta Coffee Filters #4 Natural Brown", "cnid": "9212035234", "productId": "7798", "size": "40 ct pkg"},
{"thumb": "http://i4.peapod.com/c/KK/KKNHZ.gif", "price": "219", "unit_price": "$.05/ ea", "name": "Melitta Coffee Filters Cone #2", "cnid": "9212035234", "productId": "7796", "size": "40 ct pkg"},
{"thumb": "http://i4.peapod.com/c/KK/KKNHZ.gif", "price": "499", "unit_price": "$.05/ ea", "name": "Melitta Coffee Filters Cone #4", "cnid": "9212035234", "productId": "45356", "size": "100 ct pkg"},
{"thumb": "http://i4.peapod.com/c/KK/KKNHZ.gif", "price": "499", "unit_price": "$.05/ ea", "name": "Melitta Coffee Filters Cone #4 Natural Brown", "cnid": "9212035234", "productId": "41821", "size": "100 ct pkg"},
{"thumb": "http://i4.peapod.com/c/KK/KKNHZ.gif", "price": "449", "unit_price": "$.41/ oz", "name": "Melitta Medium Roast Classic Blend Coffee (Extra Fine Grind)", "cnid": "9212035234", "productId": "7794", "size": "11 oz can"},
{"thumb": "http://i4.peapod.com/c/KK/KKNHZ.gif", "price": "599", "unit_price": "$.60/ oz", "name": "Nature's Promise Organics Breakfast Blend Coffee (Ground)", "cnid": "9212035234", "productId": "174926", "size": "10 oz bag"},
{"thumb": "http://i4.peapod.com/c/KK/KKNHZ.gif", "price": "599", "unit_price": "$.60/ oz", "name": "Nature's Promise Organics Colombian Coffee (Ground)", "cnid": "9212035234", "productId": "161922", "size": "10 oz bag"},
{"thumb": "http://i4.peapod.com/c/KK/KKNHZ.gif", "price": "599", "unit_price": "$.60/ oz", "name": "Nature's Promise Organics French Roast Coffee (Ground)", "cnid": "9212035234", "productId": "161923", "size": "10 oz bag"},
{"thumb": "http://i4.peapod.com/c/KK/KKNHZ.gif", "price": "599", "unit_price": "$.60/ oz", "name": "Nature's Promise Organics Sumatra Coffee (Ground)", "cnid": "9212035234", "productId": "161924", "size": "10 oz bag"},
{"thumb": "http://i4.peapod.com/c/KK/KKNHZ.gif", "price": "599", "unit_price": "$.60/ oz", "name": "Nature's Promise Organics Sumatra Coffee Decaffeinated (Ground)", "cnid": "9212035234", "productId": "186660", "size": "10 oz bag"},
{"thumb": "http://i4.peapod.com/c/KK/KKNHZ.gif", "price": "1099", "unit_price": "$1.57/ oz", "name": "Nescafe Taster's Choice French Roast Instant Coffee", "cnid": "9212035234", "productId": "2570", "size": "7 oz jar"},
{"thumb": "http://i4.peapod.com/c/KK/KKNHZ.gif", "price": "1099", "unit_price": "$1.57/ oz", "name": "Nescafe Taster's Choice Gourmet Instant Coffee", "cnid": "9212035234", "productId": "2566", "size": "7 oz jar"},
{"thumb": "http://i4.peapod.com/c/KK/KKNHZ.gif", "price": "399", "unit_price": "$2.59/ oz", "name": "Nescafe Taster's Choice Original Gourmet Instant Coffee Packets - 22 ct", "cnid": "9212035234", "productId": "155900", "size": "1.54 oz box"},
{"thumb": "http://i4.peapod.com/c/KK/KKNHZ.gif", "price": "749", "unit_price": "$.68/ oz", "name": "New England 100% Colombian Supremo Coffee (Ground)", "cnid": "9212035234", "productId": "161917", "size": "11 oz bag"},
{"thumb": "http://i4.peapod.com/c/KK/KKNHZ.gif", "price": "749", "unit_price": "$.62/ oz", "name": "New England Breakfast Blend Medium Roasted Coffee (Ground)", "cnid": "9212035234", "productId": "125262", "size": "12 oz bag"},
{"thumb": "http://i4.peapod.com/c/KK/KKNHZ.gif", "price": "749", "unit_price": "$.75/ oz", "name": "New England Colombian Coffee Decaffeinated (Ground)", "cnid": "9212035234", "productId": "148614", "size": "10 oz bag"},
{"thumb": "http://i4.peapod.com/c/KK/KKNHZ.gif", "price": "749", "unit_price": "$.68/ oz", "name": "New England French Vanilla Medium Roast Coffee (Ground)", "cnid": "9212035234", "productId": "125264", "size": "11 oz bag"},
{"thumb": "http://i4.peapod.com/c/KK/KKNHZ.gif", "price": "749", "unit_price": "$.75/ oz", "name": "New England Hazelnut Coffee Decaffeinated (Ground)", "cnid": "9212035234", "productId": "130781", "size": "10 oz bag"},
{"thumb": "http://i4.peapod.com/c/KK/KKNHZ.gif", "price": "749", "unit_price": "$.68/ oz", "name": "New England Hazelnut Cream Medium Coffee (Ground)", "cnid": "9212035234", "productId": "127766", "size": "11 oz bag"},
{"thumb": "http://i4.peapod.com/c/KK/KKNHZ.gif", "price": "899", "unit_price": "$.90/ oz", "name": "Newman's Own Organics French Roast Coffee (Ground)", "cnid": "9212035234", "productId": "155224", "size": "10 oz bag"},
{"thumb": "http://i4.peapod.com/c/KK/KKNHZ.gif", "price": "899", "unit_price": "$.90/ oz", "name": "Newman's Own Organics Nell's Breakfast Blend Coffee (Ground)", "cnid": "9212035234", "productId": "167344", "size": "10 oz bag"},
{"thumb": "http://i4.peapod.com/c/KK/KKNHZ.gif", "price": "899", "unit_price": "$.90/ oz", "name": "Newman's Own Organics Newman's Special Coffee Decaf (Ground)", "cnid": "9212035234", "productId": "161918", "size": "10 oz bag"},
{"thumb": "http://i4.peapod.com/c/KK/KKNHZ.gif", "price": "899", "unit_price": "$.90/ oz", "name": "Newman's Own Organics Special Blend Coffee (Ground)", "cnid": "9212035234", "productId": "155225", "size": "10 oz bag"},
{"thumb": "http://i4.peapod.com/c/KK/KKNHZ.gif", "price": "849", "unit_price": "$.71/ ea", "name": "Newman's Own Organics Special Blend Extra Bold Coffee Decaffeinated K-Cups", "cnid": "9212035234", "productId": "157096", "size": "12 ct box"},
{"thumb": "http://i4.peapod.com/c/KK/KKNHZ.gif", "price": "849", "unit_price": "$.71/ ea", "name": "Newman's Own Organics Special Blend Extra Bold Medium Roast Coffee K-Cups", "cnid": "9212035234", "productId": "156489", "size": "12 ct box"},
{"thumb": "http://i4.peapod.com/c/KK/KKNHZ.gif", "price": "899", "unit_price": "$.75/ oz", "name": "Peet's Colombia Coffee (Ground)", "cnid": "9212035234", "productId": "153918", "size": "12 oz bag"},
{"thumb": "http://i4.peapod.com/c/KK/KKNHZ.gif", "price": "899", "unit_price": "$.75/ oz", "name": "Peet's French Roast Coffee (Ground)", "cnid": "9212035234", "productId": "153916", "size": "12 oz bag"},
{"thumb": "http://i4.peapod.com/c/KK/KKNHZ.gif", "price": "899", "unit_price": "$.75/ oz", "name": "Peet's French Roast Coffee (Whole Bean)", "cnid": "9212035234", "productId": "161919", "size": "12 oz bag"},
{"thumb": "http://i4.peapod.com/c/KK/KKNHZ.gif", "price": "899", "unit_price": "$.75/ oz", "name": "Peet's House Blend Coffee (Ground)", "cnid": "9212035234", "productId": "153917", "size": "12 oz bag"},
{"thumb": "http://i4.peapod.com/c/KK/KKNHZ.gif", "price": "899", "unit_price": "$.75/ oz", "name": "Peet's House Blend Coffee (Whole Bean)", "cnid": "9212035234", "productId": "153914", "size": "12 oz bag"},
{"thumb": "http://i4.peapod.com/c/KK/KKNHZ.gif", "price": "899", "unit_price": "$.75/ oz", "name": "Peet's House Blend Coffee Decaffeinated (Ground)", "cnid": "9212035234", "productId": "153920", "size": "12 oz bag"},
{"thumb": "http://i4.peapod.com/c/KK/KKNHZ.gif", "price": "899", "unit_price": "$.75/ oz", "name": "Peet's Major Dickason's Blend Coffee (Ground)", "cnid": "9212035234", "productId": "153919", "size": "12 oz bag"},
{"thumb": "http://i4.peapod.com/c/KK/KKNHZ.gif", "price": "899", "unit_price": "$.75/ oz", "name": "Peet's Major Dickason's Blend Coffee (Whole Bean)", "cnid": "9212035234", "productId": "153915", "size": "12 oz bag"},
{"thumb": "http://i4.peapod.com/c/KK/KKNHZ.gif", "price": "899", "unit_price": "$.75/ oz", "name": "Peet's Sumatra Coffee (Ground)", "cnid": "9212035234", "productId": "161920", "size": "12 oz bag"},
{"thumb": "http://i4.peapod.com/c/KK/KKNHZ.gif", "price": "599", "unit_price": "$.50/ oz", "name": "Simply Enjoy Breakfast Blend Coffee (Ground)", "cnid": "9212035234", "productId": "159307", "size": "12 oz bag"},
{"thumb": "http://i4.peapod.com/c/KK/KKNHZ.gif", "price": "599", "unit_price": "$.50/ oz", "name": "Simply Enjoy Vanilla Creme Coffee (Ground)", "cnid": "9212035234", "productId": "159308", "size": "12 oz bag"},
{"thumb": "http://i4.peapod.com/c/KK/KKNHZ.gif", "price": "1049", "unit_price": "$.87/ oz", "name": "Starbucks Bold Espresso Roast Coffee (Ground)", "cnid": "9212035234", "productId": "94057", "size": "12 oz bag"},
{"thumb": "http://i4.peapod.com/c/KK/KKNHZ.gif", "price": "1049", "unit_price": "$.87/ oz", "name": "Starbucks Breakfast Blend Medium Coffee (Ground)", "cnid": "9212035234", "productId": "117409", "size": "12 oz bag"},
{"thumb": "http://i4.peapod.com/c/KK/KKNHZ.gif", "price": "1049", "unit_price": "$.87/ oz", "name": "Starbucks Breakfast Blend Medium Coffee (Whole Bean)", "cnid": "9212035234", "productId": "114040", "size": "12 oz bag"},
{"thumb": "http://i4.peapod.com/c/KK/KKNHZ.gif", "price": "1049", "unit_price": "$.87/ oz", "name": "Starbucks Caffe Verona Bold Coffee (Ground)", "cnid": "9212035234", "productId": "135389", "size": "12 oz bag"},
{"thumb": "http://i4.peapod.com/c/KK/KKNHZ.gif", "price": "1049", "unit_price": "$.87/ oz", "name": "Starbucks Caffe Verona Bold Coffee Decaffeinated (Ground)", "cnid": "9212035234", "productId": "135390", "size": "12 oz bag"},
{"thumb": "http://i4.peapod.com/c/KK/KKNHZ.gif", "price": "499", "unit_price": "$.13/ oz", "name": "Starbucks Coffee Frappuccino - 4 pk", "cnid": "9212035234", "productId": "72990", "size": "9.5 oz btl"},
{"thumb": "http://i4.peapod.com/c/KK/KKNHZ.gif", "price": "1049", "unit_price": "$.87/ oz", "name": "Starbucks Colombia Medium Coffee (Ground)", "cnid": "9212035234", "productId": "94059", "size": "12 oz bag"},
{"thumb": "http://i4.peapod.com/c/KK/KKNHZ.gif", "price": "1049", "unit_price": "$.87/ oz", "name": "Starbucks Colombia Medium Coffee (Whole Bean)", "cnid": "9212035234", "productId": "94053", "size": "12 oz bag"},
{"thumb": "http://i4.peapod.com/c/KK/KKNHZ.gif", "price": "1049", "unit_price": "$.87/ oz", "name": "Starbucks Dark Morning Joe Coffee (Ground)", "cnid": "9212035234", "productId": "135394", "size": "12 oz bag"},
{"thumb": "http://i4.peapod.com/c/KK/KKNHZ.gif", "price": "1049", "unit_price": "$.87/ oz", "name": "Starbucks French Roast Dark Coffee (Ground)", "cnid": "9212035234", "productId": "94061", "size": "12 oz bag"},
{"thumb": "http://i4.peapod.com/c/KK/KKNHZ.gif", "price": "1049", "unit_price": "$.87/ oz", "name": "Starbucks French Roast Dark Coffee (Whole Bean)", "cnid": "9212035234", "productId": "94056", "size": "12 oz bag"},
{"thumb": "http://i4.peapod.com/c/KK/KKNHZ.gif", "price": "1049", "unit_price": "$.87/ oz", "name": "Starbucks House Blend Medium Coffee (Ground)", "cnid": "9212035234", "productId": "112148", "size": "12 oz bag"},
{"thumb": "http://i4.peapod.com/c/KK/KKNHZ.gif", "price": "1049", "unit_price": "$.87/ oz", "name": "Starbucks House Blend Medium Coffee Decaffeinated (Ground)", "cnid": "9212035234", "productId": "94060", "size": "12 oz bag"},
{"thumb": "http://i4.peapod.com/c/KK/KKNHZ.gif", "price": "1049", "unit_price": "$.87/ oz", "name": "Starbucks Italian Roast Coffee (Ground)", "cnid": "9212035234", "productId": "135392", "size": "12 oz bag"},
{"thumb": "http://i4.peapod.com/c/KK/KKNHZ.gif", "price": "499", "unit_price": "$.13/ oz", "name": "Starbucks Mocha Frappuccino - 4 pk", "cnid": "9212035234", "productId": "72991", "size": "9.5 oz btl"},
{"thumb": "http://i4.peapod.com/c/KK/KKNHZ.gif", "price": "1049", "unit_price": "$.95/ oz", "name": "Starbucks Natural Fusions Caramel Coffee (Ground)", "cnid": "9212035234", "productId": "160676", "size": "11 oz bag"},
{"thumb": "http://i4.peapod.com/c/KK/KKNHZ.gif", "price": "1049", "unit_price": "$.87/ oz", "name": "Starbucks Sumatra Dark Coffee (Ground)", "cnid": "9212035234", "productId": "135393", "size": "12 oz bag"},
{"thumb": "http://i4.peapod.com/c/KK/KKNHZ.gif", "price": "499", "unit_price": "$.13/ oz", "name": "Starbucks Vanilla Frappuccino - 4 pk", "cnid": "9212035234", "productId": "94186", "size": "9.5 oz btl"},
{"thumb": "http://i4.peapod.com/c/KK/KKNHZ.gif", "price": "799", "unit_price": "$8.59/ oz", "name": "Starbucks VIA Ready Brew Instant Coffee Colombia Medium - 8 ct", "cnid": "9212035234", "productId": "172821", "size": ".93 oz pkg"},
{"thumb": "http://i4.peapod.com/c/KK/KKNHZ.gif", "price": "350", "unit_price": "$.32/ oz", "name": "Stop & Shop 100% Colombian Coffee (Ground)", "cnid": "9212035234", "productId": "62001", "size": "11 oz can"},
{"thumb": "http://i4.peapod.com/c/KK/KKNHZ.gif", "price": "379", "unit_price": "$.04/ ea", "name": "Stop & Shop Coffee Filters #2 Cone Style Natural", "cnid": "9212035234", "productId": "148606", "size": "100 ct pkg"},
{"thumb": "http://i4.peapod.com/c/KK/KKNHZ.gif", "price": "379", "unit_price": "$.04/ ea", "name": "Stop & Shop Coffee Filters #4 Cone Style", "cnid": "9212035234", "productId": "146244", "size": "100 ct pkg"},
{"thumb": "http://i4.peapod.com/c/KK/KKNHZ.gif", "price": "379", "unit_price": "$.04/ ea", "name": "Stop & Shop Coffee Filters #4 Cone Style Unbleached Natural", "cnid": "9212035234", "productId": "146243", "size": "100 ct pkg"},
{"thumb": "http://i4.peapod.com/c/KK/KKNHZ.gif", "price": "189", "unit_price": "$.01/ ea", "name": "Stop & Shop Coffee Filters Basket Style 1-4 Cup", "cnid": "9212035234", "productId": "144991", "size": "200 ct pkg"},
{"thumb": "http://i4.peapod.com/c/KK/KKNHZ.gif", "price": "189", "unit_price": "$.01/ ea", "name": "Stop & Shop Coffee Filters Basket Style 8-12 Cup", "cnid": "9212035234", "productId": "58267", "size": "200 ct pkg"},
{"thumb": "http://i4.peapod.com/c/KK/KKNHZ.gif", "price": "189", "unit_price": "$.01/ ea", "name": "Stop & Shop Coffee Filters Basket Style Natural 8-12 Cup", "cnid": "9212035234", "productId": "93929", "size": "200 ct pkg"},
{"thumb": "http://i4.peapod.com/c/KK/KKNHZ.gif", "price": "979", "unit_price": "$.30/ oz", "name": "Stop & Shop Coffee Lite 1/2 The Caffeine (Ground)", "cnid": "9212035234", "productId": "150977", "size": "33 oz can"},
{"thumb": "http://i4.peapod.com/c/KK/KKNHZ.gif", "price": "1099", "unit_price": "$.33/ oz", "name": "Stop & Shop Colombian Supreme Coffee (Ground)", "cnid": "9212035234", "productId": "150978", "size": "33 oz can"},
{"thumb": "http://i4.peapod.com/c/KK/KKNHZ.gif", "price": "350", "unit_price": "$.32/ oz", "name": "Stop & Shop French Roast Coffee (Ground)", "cnid": "9212035234", "productId": "58283", "size": "11 oz can"},
{"thumb": "http://i4.peapod.com/c/KK/KKNHZ.gif", "price": "350", "unit_price": "$.30/ oz", "name": "Stop & Shop Original Coffee Decaffeinated (Ground)", "cnid": "9212035234", "productId": "58279", "size": "11.5 oz can"},
{"thumb": "http://i4.peapod.com/c/KK/KKNHZ.gif", "price": "350", "unit_price": "$.27/ oz", "name": "Stop & Shop Original Roast Coffee (Ground)", "cnid": "9212035234", "productId": "158007", "size": "13 oz can"},
{"thumb": "http://i4.peapod.com/c/KK/KKNHZ.gif", "price": "519", "unit_price": "$.65/ oz", "name": "Stop & Shop Original Roast Instant Coffee", "cnid": "9212035234", "productId": "58271", "size": "8 oz jar"},
{"thumb": "http://i4.peapod.com/c/KK/KKNHZ.gif", "price": "949", "unit_price": "$.41/ oz", "name": "Stop & Shop Original Roast Medium Coffee Decaffeinated (Ground)", "cnid": "9212035234", "productId": "163886", "size": "23 oz can"},
{"thumb": "http://i4.peapod.com/c/KK/KKNHZ.gif", "price": "399", "unit_price": "$15.96/ lb", "name": "Alouette Blue Cheese Crumbled", "cnid": "3039", "productId": "186011", "size": "4 oz tub"},
{"thumb": "http://i4.peapod.com/c/KK/KKNHZ.gif", "price": "399", "unit_price": "$15.96/ lb", "name": "Alouette Feta Cheese Freshly Crumbled", "cnid": "3039", "productId": "155751", "size": "4 oz tub"},
{"thumb": "http://i4.peapod.com/c/KK/KKNHZ.gif", "price": "399", "unit_price": "$15.96/ lb", "name": "Alouette Goat Cheese Freshly Crumbled", "cnid": "3039", "productId": "155750", "size": "4 oz tub"},
{"thumb": "http://i4.peapod.com/c/KK/KKNHZ.gif", "price": "599", "unit_price": "$19.32/ lb", "name": "Alouette Spreadable Cheese Creme de Brie Original", "cnid": "3039", "productId": "60871", "size": "5 oz pkg"},
{"thumb": "http://i4.peapod.com/c/KK/KKNHZ.gif", "price": "599", "unit_price": "$14.61/ lb", "name": "Alouette Spreadable Cheese Garlic & Herbs", "cnid": "3039", "productId": "15783", "size": "6.5 oz tub"},
{"thumb": "http://i4.peapod.com/c/KK/KKNHZ.gif", "price": "599", "unit_price": "$14.61/ lb", "name": "Alouette Spreadable Cheese Garlic & Herbs Light", "cnid": "3039", "productId": "51115", "size": "6.5 oz tub"},
{"thumb": "http://i4.peapod.com/c/KK/KKNHZ.gif", "price": "449", "unit_price": "$8.99/ lb", "name": "Alpine Lace Deli Swiss Cheese Reduced Fat (Regular Sliced)", "cnid": "3039", "productId": "116528", "size": "apx 1/2 lb"},
{"thumb": "http://i4.peapod.com/c/KK/KKNHZ.gif", "price": "449", "unit_price": "$8.99/ lb", "name": "Alpine Lace Deli Swiss Cheese Reduced Fat (Thin Sliced)", "cnid": "3039", "productId": "157748", "size": "apx 1/2 lb"},
{"thumb": "http://i4.peapod.com/c/KK/KKNHZ.gif", "price": "599", "unit_price": "$11.98/ lb", "name": "Apple Smoked Cheddar Cheese Smoked Chunk", "cnid": "3039", "productId": "160611", "size": "8 oz bar"},
{"thumb": "http://i4.peapod.com/c/KK/KKNHZ.gif", "price": "559", "unit_price": "$11.18/ lb", "name": "Apple Smoked Mozzarella Cheese Smoked Chunk", "cnid": "3039", "productId": "160612", "size": "8 oz pkg"},
{"thumb": "http://i4.peapod.com/c/KK/KKNHZ.gif", "price": "499", "unit_price": "$9.98/ lb", "name": "Athenos Feta Cheese Traditional Chunk", "cnid": "3039", "productId": "22923", "size": "8 oz pkg"},
{"thumb": "http://i4.peapod.com/c/KK/KKNHZ.gif", "price": "374", "unit_price": "$7.49/ lb", "name": "Athenos Feta Cheese Traditional Crumbled", "cnid": "3039", "productId": "123615", "size": "apx 1/2 lb"},
{"thumb": "http://i4.peapod.com/c/KK/KKNHZ.gif", "price": "699", "unit_price": "$13.99/ lb", "name": "Auricchio Provolone Cheese Mild Imported Chunk", "cnid": "3039", "productId": "130975", "size": "apx 1/2 lb"},
{"thumb": "http://i4.peapod.com/c/KK/KKNHZ.gif", "price": "499", "unit_price": "$9.98/ lb", "name": "BelGioioso Mascarpone Cheese", "cnid": "3039", "productId": "80779", "size": "8 oz tub"},
{"thumb": "http://i4.peapod.com/c/KK/KKNHZ.gif", "price": "499", "unit_price": "$9.98/ lb", "name": "BelGioioso Mozzarella Cheese All Natural Fresh", "cnid": "3039", "productId": "143244", "size": "8 oz pkg"},
{"thumb": "http://i4.peapod.com/c/KK/KKNHZ.gif", "price": "799", "unit_price": "$7.99/ lb", "name": "BelGioioso Mozzarella Cheese Log Fresh", "cnid": "3039", "productId": "138218", "size": "16 oz pkg"},
{"thumb": "http://i4.peapod.com/c/KK/KKNHZ.gif", "price": "824", "unit_price": "$10.99/ lb", "name": "BelGioioso Provolone Cheese Sharp Chunk", "cnid": "3039", "productId": "130968", "size": "apx 3/4 lb"},
{"thumb": "http://i4.peapod.com/c/KK/KKNHZ.gif", "price": "799", "unit_price": "$14.27/ lb", "name": "Boar's Head Master Cheesemaker's Fontina Cheese Swedish Style Chunk", "cnid": "3039", "productId": "154401", "size": "9 oz pkg"},
{"thumb": "http://i4.peapod.com/c/KK/KKNHZ.gif", "price": "699", "unit_price": "$13.98/ lb", "name": "Boar's Head Master Cheesemaker's Gouda Cheese Chunk", "cnid": "3039", "productId": "154402", "size": "8 oz pkg"},
{"thumb": "http://i4.peapod.com/c/KK/KKNHZ.gif", "price": "829", "unit_price": "$16.58/ lb", "name": "Boar's Head Master Cheesemaker's Gruyere Cheese Chunk", "cnid": "3039", "productId": "154403", "size": "8 oz pkg"},
{"thumb": "http://i4.peapod.com/c/KK/KKNHZ.gif", "price": "799", "unit_price": "$15.98/ lb", "name": "Boar's Head Master Cheesemaker's Havarti Cheese Cream Chunk", "cnid": "3039", "productId": "154451", "size": "8 oz pkg"},
{"thumb": "http://i4.peapod.com/c/KK/KKNHZ.gif", "price": "799", "unit_price": "$15.98/ lb", "name": "Boar's Head Master Cheesemaker's Havarti Cheese Cream w/Dill Chunk", "cnid": "3039", "productId": "157248", "size": "8 oz pkg"},
{"thumb": "http://i4.peapod.com/c/KK/KKNHZ.gif", "price": "599", "unit_price": "$11.98/ lb", "name": "Boar's Head Master Cheesemaker's Monterey Jack Cheese Chunk", "cnid": "3039", "productId": "154447", "size": "8 oz pkg"},
{"thumb": "http://i4.peapod.com/c/KK/KKNHZ.gif", "price": "699", "unit_price": "$13.98/ lb", "name": "Boar's Head Master Cheesemaker's Monterey Jack Cheese w/Jalapeno Chunk", "cnid": "3039", "productId": "154449", "size": "8 oz bar"},
{"thumb": "http://i4.peapod.com/c/KK/KKNHZ.gif", "price": "699", "unit_price": "$13.98/ lb", "name": "Boar's Head Master Cheesemaker's Muenster Cheese Chunk", "cnid": "3039", "productId": "154448", "size": "8 oz pkg"},
{"thumb": "http://i4.peapod.com/c/KK/KKNHZ.gif", "price": "699", "unit_price": "$12.48/ lb", "name": "Boar's Head Master Cheesemaker's Swiss Cheese Gold Label Chunk", "cnid": "3039", "productId": "154404", "size": "9 oz bar"},
{"thumb": "http://i4.peapod.com/c/KK/KKNHZ.gif", "price": "899", "unit_price": "$11.99/ lb", "name": "Boar's Head Provolone Picante Cheese Chunk", "cnid": "3039", "productId": "154450", "size": "12 oz pkg"},
{"thumb": "http://i4.peapod.com/c/KK/KKNHZ.gif", "price": "649", "unit_price": "$19.67/ lb", "name": "Boursin Gournay Cheese Garlic & Fine Herbs", "cnid": "3039", "productId": "23239", "size": "5.2 oz pkg"},
{"thumb": "http://i4.peapod.com/c/KK/KKNHZ.gif", "price": "666", "unit_price": "$9.99/ lb", "name": "Cabot Cheddar Cheese 50% Light Chunk", "cnid": "3039", "productId": "130987", "size": "apx 2/3 lb"},
{"thumb": "http://i4.peapod.com/c/KK/KKNHZ.gif", "price": "666", "unit_price": "$9.99/ lb", "name": "Cabot Cheddar Cheese 75% Light Chunk", "cnid": "3039", "productId": "130988", "size": "apx 2/3 lb"},
{"thumb": "http://i4.peapod.com/c/KK/KKNHZ.gif", "price": "749", "unit_price": "$9.99/ lb", "name": "Cabot Cheddar Cheese Extra Sharp Chunk", "cnid": "3039", "productId": "39095", "size": "apx 3/4 lb"},
{"thumb": "http://i4.peapod.com/c/KK/KKNHZ.gif", "price": "666", "unit_price": "$9.99/ lb", "name": "Cabot Cheddar Cheese Garlic & Dill Chunk", "cnid": "3039", "productId": "154388", "size": "apx 2/3 lb"},
{"thumb": "http://i4.peapod.com/c/KK/KKNHZ.gif", "price": "666", "unit_price": "$9.99/ lb", "name": "Cabot Cheddar Cheese Habanero Chunk", "cnid": "3039", "productId": "130989", "size": "apx 2/3 lb"},
{"thumb": "http://i4.peapod.com/c/KK/KKNHZ.gif", "price": "666", "unit_price": "$9.99/ lb", "name": "Cabot Cheddar Cheese Horseradish Chunk", "cnid": "3039", "productId": "154389", "size": "apx 2/3 lb"},
{"thumb": "http://i4.peapod.com/c/KK/KKNHZ.gif", "price": "666", "unit_price": "$9.99/ lb", "name": "Cabot Cheddar Cheese Seriously Sharp Hunters' Favorite Chunk", "cnid": "3039", "productId": "130990", "size": "apx 2/3 lb"},
{"thumb": "http://i4.peapod.com/c/KK/KKNHZ.gif", "price": "666", "unit_price": "$9.99/ lb", "name": "Cabot Cheddar Cheese Sharp White Chunk", "cnid": "3039", "productId": "130992", "size": "apx 2/3 lb"},
{"thumb": "http://i4.peapod.com/c/KK/KKNHZ.gif", "price": "599", "unit_price": "$18.15/ lb", "name": "Chavrie Goat Cheese Pure Milk", "cnid": "3039", "productId": "27242", "size": "5.3 oz pkg"},
{"thumb": "http://i4.peapod.com/c/KK/KKNHZ.gif", "price": "599", "unit_price": "$11.99/ lb", "name": "Coeur de Lion Le Brie Cheese", "cnid": "3039", "productId": "138024", "size": "apx 1/2 lb"},
{"thumb": "http://i4.peapod.com/c/KK/KKNHZ.gif", "price": "649", "unit_price": "$12.99/ lb", "name": "Deli Emmentaler Cheese Chunk", "cnid": "3039", "productId": "131019", "size": "apx 1/2 lb"},
{"thumb": "http://i4.peapod.com/c/KK/KKNHZ.gif", "price": "549", "unit_price": "$10.99/ lb", "name": "Deli Fontina Cheese Danish Chunk", "cnid": "3039", "productId": "131015", "size": "apx 1/2 lb"},
{"thumb": "http://i4.peapod.com/c/KK/KKNHZ.gif", "price": "899", "unit_price": "$11.99/ lb", "name": "Deli Gouda Cheese Smoked Chunk", "cnid": "3039", "productId": "126784", "size": "apx 3/4 lb"},
{"thumb": "http://i4.peapod.com/c/KK/KKNHZ.gif", "price": "349", "unit_price": "$6.99/ lb", "name": "Deli Muenster Cheese Domestic Chunk", "cnid": "3039", "productId": "131021", "size": "apx 1/2 lb"},
{"thumb": "http://i4.peapod.com/c/KK/KKNHZ.gif", "price": "1274", "unit_price": "$16.99/ lb", "name": "Deli Parmigiano Reggiano Cheese Chunk", "cnid": "3039", "productId": "17182", "size": "apx 3/4 lb"},
{"thumb": "http://i4.peapod.com/c/KK/KKNHZ.gif", "price": "674", "unit_price": "$8.99/ lb", "name": "Deli Romano Pecorino Cheese Chunk", "cnid": "3039", "productId": "84001", "size": "apx 3/4 lb"},
{"thumb": "http://i4.peapod.com/c/KK/KKNHZ.gif", "price": "479", "unit_price": "$12.60/ lb", "name": "DiGiorno Parmesan Cheese Shredded", "cnid": "3039", "productId": "80352", "size": "6 oz tub"},
{"thumb": "http://i4.peapod.com/c/KK/KKNHZ.gif", "price": "479", "unit_price": "$12.60/ lb", "name": "DiGiorno Romano Cheese Shredded", "cnid": "3039", "productId": "80354", "size": "6 oz tub"},
{"thumb": "http://i4.peapod.com/c/KK/KKNHZ.gif", "price": "499", "unit_price": "$7.92/ lb", "name": "Dofino Gouda Cheese Wedge", "cnid": "3039", "productId": "158718", "size": "10 oz pkg"},
{"thumb": "http://i4.peapod.com/c/KK/KKNHZ.gif", "price": "824", "unit_price": "$16.49/ lb", "name": "Emmi Gruyere Swiss Cheese Chunk", "cnid": "3039", "productId": "158752", "size": "apx 1/2 lb"},
{"thumb": "http://i4.peapod.com/c/KK/KKNHZ.gif", "price": "1299", "unit_price": "$.93/ oz", "name": "Fondue Cheese", "cnid": "3039", "productId": "131029", "size": "14 oz pkg"},
{"thumb": "http://i4.peapod.com/c/KK/KKNHZ.gif", "price": "599", "unit_price": "$11.99/ lb", "name": "Frico Deli Gouda Cheese Smoked Chunk", "cnid": "3039", "productId": "158746", "size": "apx 1/2 lb"},
{"thumb": "http://i4.peapod.com/c/KK/KKNHZ.gif", "price": "499", "unit_price": "$9.98/ lb", "name": "Galbani Mozzarella Fresca Mozzarella Cheese All Natural Fresh", "cnid": "3039", "productId": "186031", "size": "8 oz pkg"},
{"thumb": "http://i4.peapod.com/c/KK/KKNHZ.gif", "price": "799", "unit_price": "$7.99/ lb", "name": "Galbani Mozzarella Fresca Mozzarella Cheese Log All Natural Fresh", "cnid": "3039", "productId": "186032", "size": "16 oz pkg"},
{"thumb": "http://i4.peapod.com/c/KK/KKNHZ.gif", "price": "649", "unit_price": "$12.99/ lb", "name": "Ile De France Brie Cheese Chunk", "cnid": "3039", "productId": "131054", "size": "apx 1/2 lb"},
{"thumb": "http://i4.peapod.com/c/KK/KKNHZ.gif", "price": "424", "unit_price": "$8.49/ lb", "name": "Jarlsberg Deli Swiss Cheese (Thin Sliced)", "cnid": "3039", "productId": "157718", "size": "apx 1/2 lb"},
{"thumb": "http://i4.peapod.com/c/KK/KKNHZ.gif", "price": "524", "unit_price": "$6.99/ lb", "name": "Jarlsberg Deli Swiss Cheese Chunk", "cnid": "3039", "productId": "9973", "size": "apx 3/4 lb"},
{"thumb": "http://i4.peapod.com/c/KK/KKNHZ.gif", "price": "349", "unit_price": "$6.99/ lb", "name": "Jarlsberg Deli Swiss Cheese Lite (Regular Sliced)", "cnid": "3039", "productId": "106857", "size": "apx 1/2 lb"},
{"thumb": "http://i4.peapod.com/c/KK/KKNHZ.gif", "price": "449", "unit_price": "$7.13/ lb", "name": "Kaukauna Spreadable Cheese Cheddar Sharp Log", "cnid": "3039", "productId": "161168", "size": "10 oz pkg"},
{"thumb": "http://i4.peapod.com/c/KK/KKNHZ.gif", "price": "449", "unit_price": "$7.13/ lb", "name": "Kaukauna Spreadable Cheese Cheddar Sharp with Almonds Ball", "cnid": "3039", "productId": "161167", "size": "10 oz pkg"},
{"thumb": "http://i4.peapod.com/c/KK/KKNHZ.gif", "price": "449", "unit_price": "$7.13/ lb", "name": "Kaukauna Spreadable Cheese Port Wine Log", "cnid": "3039", "productId": "161170", "size": "10 oz pkg"},
{"thumb": "http://i4.peapod.com/c/KK/KKNHZ.gif", "price": "449", "unit_price": "$7.13/ lb", "name": "Kaukauna Spreadable Cheese Port Wine with Almonds Ball", "cnid": "3039", "productId": "161169", "size": "10 oz pkg"},
{"thumb": "http://i4.peapod.com/c/KK/KKNHZ.gif", "price": "599", "unit_price": "$13.61/ lb", "name": "Kerrygold Blarney Castle Cheese Gouda Style Chunk 100% Natural", "cnid": "3039", "productId": "143243", "size": "7 oz bar"},
{"thumb": "http://i4.peapod.com/c/KK/KKNHZ.gif", "price": "599", "unit_price": "$13.61/ lb", "name": "Kerrygold Dubliner Cheese Chunk 100% Natural", "cnid": "3039", "productId": "138314", "size": "7 oz bar"},
{"thumb": "http://i4.peapod.com/c/KK/KKNHZ.gif", "price": "799", "unit_price": "$15.98/ lb", "name": "Locatelli Pecorino Romano Cheese Grated", "cnid": "3039", "productId": "154452", "size": "8 oz tub"},
{"thumb": "http://i4.peapod.com/c/KK/KKNHZ.gif", "price": "574", "unit_price": "$11.49/ lb", "name": "Montrachet Goat Cheese Crumbled", "cnid": "3039", "productId": "158717", "size": "apx 1/2 lb"},
{"thumb": "http://i4.peapod.com/c/KK/KKNHZ.gif", "price": "599", "unit_price": "$11.98/ lb", "name": "President Authentic Pub Cheese Cheddar & Horseradish", "cnid": "3039", "productId": "143031", "size": "8 oz tub"},
{"thumb": "http://i4.peapod.com/c/KK/KKNHZ.gif", "price": "499", "unit_price": "$9.98/ lb", "name": "President Authentic Pub Cheese Cheddar Sharp", "cnid": "3039", "productId": "139275", "size": "8 oz tub"},
{"thumb": "http://i4.peapod.com/c/KK/KKNHZ.gif", "price": "699", "unit_price": "$13.98/ lb", "name": "President Brie Cheese Baby Wheel", "cnid": "3039", "productId": "126885", "size": "8 oz pkg"},
{"thumb": "http://i4.peapod.com/c/KK/KKNHZ.gif", "price": "499", "unit_price": "$9.99/ lb", "name": "President Brie Cheese Domestic", "cnid": "3039", "productId": "131127", "size": "apx 1/2 lb"},
{"thumb": "http://i4.peapod.com/c/KK/KKNHZ.gif", "price": "699", "unit_price": "$18.40/ lb", "name": "President Brie Cheese Log", "cnid": "3039", "productId": "152085", "size": "6 oz pkg"},
{"thumb": "http://i4.peapod.com/c/KK/KKNHZ.gif", "price": "999", "unit_price": "$10.63/ lb", "name": "President Brie Cheese Mini", "cnid": "3039", "productId": "71592", "size": "15 oz pkg"},
{"thumb": "http://i4.peapod.com/c/KK/KKNHZ.gif", "price": "449", "unit_price": "$11.82/ lb", "name": "President Feta Cheese Crumbled", "cnid": "3039", "productId": "158715", "size": "6 oz pkg"},
{"thumb": "http://i4.peapod.com/c/KK/KKNHZ.gif", "price": "499", "unit_price": "$9.98/ lb", "name": "President Feta Cheese Fat Free Chunk", "cnid": "3039", "productId": "87163", "size": "8 oz pkg"},
{"thumb": "http://i4.peapod.com/c/KK/KKNHZ.gif", "price": "449", "unit_price": "$11.82/ lb", "name": "President Feta Cheese Fat Free Crumbles", "cnid": "3039", "productId": "138216", "size": "6 oz pkg"},
{"thumb": "http://i4.peapod.com/c/KK/KKNHZ.gif", "price": "599", "unit_price": "$11.98/ lb", "name": "President Pub Cheese Garlic & Herbs", "cnid": "3039", "productId": "139272", "size": "8 oz tub"},
{"thumb": "http://i4.peapod.com/c/KK/KKNHZ.gif", "price": "499", "unit_price": "$9.98/ lb", "name": "Rondele Gourmet Spreadable Cheese Garden Vegetable", "cnid": "3039", "productId": "84262", "size": "8 oz tub"},
{"thumb": "http://i4.peapod.com/c/KK/KKNHZ.gif", "price": "499", "unit_price": "$9.98/ lb", "name": "Rondele Gourmet Spreadable Cheese Garlic & Herbs Light", "cnid": "3039", "productId": "131132", "size": "8 oz tub"},
{"thumb": "http://i4.peapod.com/c/KK/KKNHZ.gif", "price": "549", "unit_price": "$10.99/ lb", "name": "Rosenborg Blue Cheese Chunk", "cnid": "3039", "productId": "130977", "size": "apx 1/2 lb"},
{"thumb": "http://i4.peapod.com/c/KK/KKNHZ.gif", "price": "874", "unit_price": "$13.99/ lb", "name": "Roth Kase Grand Cru Gruyere Cheese Chunk", "cnid": "3039", "productId": "67846", "size": "apx 10 oz"},
{"thumb": "http://i4.peapod.com/c/KK/KKNHZ.gif", "price": "528", "unit_price": "$15.99/ lb", "name": "Saint Andre Brie Cheese Triple Creme Wedge", "cnid": "3039", "productId": "131153", "size": "apx 1/3 lb"},
{"thumb": "http://i4.peapod.com/c/KK/KKNHZ.gif", "price": "449", "unit_price": "$8.99/ lb", "name": "Simply Enjoy Brie Cheese Double Creme Wedge", "cnid": "3039", "productId": "154911", "size": "apx 1/2 lb"},
{"thumb": "http://i4.peapod.com/c/KK/KKNHZ.gif", "price": "499", "unit_price": "$9.98/ lb", "name": "Simply Enjoy Brie Cheese Triple Creme", "cnid": "3039", "productId": "158714", "size": "8 oz pkg"},
{"thumb": "http://i4.peapod.com/c/KK/KKNHZ.gif", "price": "659", "unit_price": "$9.99/ lb", "name": "Stella Aged Fontinella Cheese Chunk", "cnid": "3039", "productId": "131146", "size": "apx 2/3 lb"},
{"thumb": "http://i4.peapod.com/c/KK/KKNHZ.gif", "price": "499", "unit_price": "$9.99/ lb", "name": "Stella Asiago Cheese Chunk", "cnid": "3039", "productId": "143245", "size": "apx 1/2 lb"},
{"thumb": "http://i4.peapod.com/c/KK/KKNHZ.gif", "price": "399", "unit_price": "$7.99/ lb", "name": "Stella Blue Cheese Crumbles", "cnid": "3039", "productId": "122415", "size": "apx 1/2 lb"},
{"thumb": "http://i4.peapod.com/c/KK/KKNHZ.gif", "price": "449", "unit_price": "$8.99/ lb", "name": "Stella Gorgonzola Cheese Chunk", "cnid": "3039", "productId": "9893", "size": "apx 1/2 lb"},
{"thumb": "http://i4.peapod.com/c/KK/KKNHZ.gif", "price": "399", "unit_price": "$7.99/ lb", "name": "Stella Gorgonzola Cheese Crumbles", "cnid": "3039", "productId": "131024", "size": "apx 1/2 lb"},
{"thumb": "http://i4.peapod.com/c/KK/KKNHZ.gif", "price": "659", "unit_price": "$9.99/ lb", "name": "Stella Italian Sharp Cheese Aged Chunk", "cnid": "3039", "productId": "131152", "size": "apx 2/3 lb"},
{"thumb": "http://i4.peapod.com/c/KK/KKNHZ.gif", "price": "499", "unit_price": "$7.49/ lb", "name": "Stop & Shop Cheddar Cheese Extra Sharp Vermont Chunk", "cnid": "3039", "productId": "154391", "size": "apx 2/3 lb"},
{"thumb": "http://i4.peapod.com/c/KK/KKNHZ.gif", "price": "466", "unit_price": "$6.99/ lb", "name": "Stop & Shop Cheddar Cheese New York Extra Sharp White Chunk Natural", "cnid": "3039", "productId": "138041", "size": "apx 2/3 lb"},
{"thumb": "http://i4.peapod.com/c/KK/KKNHZ.gif", "price": "466", "unit_price": "$6.99/ lb", "name": "Stop & Shop Cheddar Cheese New York Extra Sharp Yellow Chunk", "cnid": "3039", "productId": "57683", "size": "apx 2/3 lb"},
{"thumb": "http://i4.peapod.com/c/KK/KKNHZ.gif", "price": "749", "unit_price": "$9.99/ lb", "name": "Stop & Shop Deli Pecorino Romano Cheese Shredded", "cnid": "3039", "productId": "131137", "size": "apx 3/4 lb"},
{"thumb": "http://i4.peapod.com/c/KK/KKNHZ.gif", "price": "749", "unit_price": "$9.99/ lb", "name": "Stop & Shop Parmesan Cheese Grated", "cnid": "3039", "productId": "127355", "size": "apx 3/4 lb"},
{"thumb": "http://i4.peapod.com/c/KK/KKNHZ.gif", "price": "499", "unit_price": "$9.99/ lb", "name": "Stop & Shop Parmesan Cheese Shredded", "cnid": "3039", "productId": "56953", "size": "1/2 lb bag"},
{"thumb": "http://i4.peapod.com/c/KK/KKNHZ.gif", "price": "749", "unit_price": "$9.99/ lb", "name": "Stop & Shop Pecorino Romano Cheese Grated", "cnid": "3039", "productId": "127352", "size": "apx 3/4 lb"},
{"thumb": "http://i4.peapod.com/c/KK/KKNHZ.gif", "price": "369", "unit_price": "$9.71/ lb", "name": "The Laughing Cow Cheese Creamy Swiss Flavor Original Wedges - 8 ct", "cnid": "3039", "productId": "27409", "size": "6 oz pkg"},
{"thumb": "http://i4.peapod.com/c/KK/KKNHZ.gif", "price": "399", "unit_price": "$14.25/ lb", "name": "The Laughing Cow Mini Babybel Cheddar Cheese - 6 ct", "cnid": "3039", "productId": "5685", "size": "4.5 oz pkg"},
{"thumb": "http://i4.peapod.com/c/KK/KKNHZ.gif", "price": "399", "unit_price": "$14.25/ lb", "name": "The Laughing Cow Mini Babybel Cheese Light - 6 ct", "cnid": "3039", "productId": "26815", "size": "4.5 oz pkg"},
{"thumb": "http://i4.peapod.com/c/KK/KKNHZ.gif", "price": "399", "unit_price": "$14.25/ lb", "name": "The Laughing Cow Mini Babybel Cheese Original - 6 ct", "cnid": "3039", "productId": "5684", "size": "4.5 oz pkg"},
{"thumb": "http://i4.peapod.com/c/KK/KKNHZ.gif", "price": "449", "unit_price": "$8.98/ lb", "name": "WisPride Cheese Spreadable Cheddar Sharp", "cnid": "3039", "productId": "21957", "size": "8 oz tub"},
{"thumb": "http://i4.peapod.com/c/KK/KKNHZ.gif", "price": "369", "unit_price": "$.19/ oz", "name": "Bob Evans Macaroni & Cheese", "cnid": "979", "productId": "90972", "size": "20 oz pkg"},
{"thumb": "http://i4.peapod.com/c/KK/KKNHZ.gif", "price": "369", "unit_price": "$.15/ oz", "name": "Bob Evans Mashed Potatoes Original", "cnid": "979", "productId": "137584", "size": "24 oz pkg"},
{"thumb": "http://i4.peapod.com/c/KK/KKNHZ.gif", "price": "2499", "unit_price": "$24.99/ ea", "name": "Eggplant Parmesan Party Tray Serves 10-12 Previously Frozen", "cnid": "979", "productId": "156188", "size": "4.8 lb pkg"},
{"thumb": "http://i4.peapod.com/c/KK/KKNHZ.gif", "price": "269", "unit_price": "$.11/ oz", "name": "Hormel Country Crock Side Dishes Mashed Potatoes Homestyle", "cnid": "979", "productId": "136012", "size": "24 oz pkg"},
{"thumb": "http://i4.peapod.com/c/KK/KKNHZ.gif", "price": "399", "unit_price": "$.19/ oz", "name": "Hormel Country Crock Side Dishes Mashed Potatoes Loaded", "cnid": "979", "productId": "162653", "size": "21 oz pkg"},
{"thumb": "http://i4.peapod.com/c/KK/KKNHZ.gif", "price": "269", "unit_price": "$.12/ oz", "name": "Hormel Country Crock Side Dishes Simple Ideas Elbow Macaroni & Cheese", "cnid": "979", "productId": "136011", "size": "23 oz pkg"},
{"thumb": "http://i4.peapod.com/c/KK/KKNHZ.gif", "price": "269", "unit_price": "$.11/ oz", "name": "Hormel Country Crock Simple Ideas Mashed Potatoes Garlic", "cnid": "979", "productId": "136013", "size": "24 oz pkg"},
{"thumb": "http://i4.peapod.com/c/KK/KKNHZ.gif", "price": "2499", "unit_price": "$24.99/ ea", "name": "Lasagna with Meat Sauce Party Tray Serves 10-12 Previously Frozen", "cnid": "979", "productId": "156189", "size": "4.5 lb pkg"},
{"thumb": "http://i4.peapod.com/c/KK/KKNHZ.gif", "price": "2499", "unit_price": "$24.99/ ea", "name": "Meatballs Italian Style Cocktail Size Party Tray Serves 10-12 Prev. Frozen", "cnid": "979", "productId": "156187", "size": "4.5 lb pkg"},
{"thumb": "http://i4.peapod.com/c/KK/KKNHZ.gif", "price": "2499", "unit_price": "$24.99/ ea", "name": "Meatballs Italian Style w/Sauce Party Tray Serves 10-12 Previously Frozen", "cnid": "979", "productId": "156190", "size": "4.5 lb pkg"},
{"thumb": "http://i4.peapod.com/c/KK/KKNHZ.gif", "price": "2499", "unit_price": "$24.99/ ea", "name": "Sausage & Peppers in Savory Sauce Party Tray Serves 10-12 Prev. Frozen", "cnid": "979", "productId": "156191", "size": "4.5 lb pkg"},
{"thumb": "http://i4.peapod.com/c/KK/KKNHZ.gif", "price": "200", "unit_price": "$.08/ oz", "name": "Simply Potatoes Mashed Potatoes", "cnid": "979", "productId": "1641", "size": "24 oz pkg"},
{"thumb": "http://i4.peapod.com/c/KK/KKNHZ.gif", "price": "599", "unit_price": "$7.99/ lb", "name": "Stop & Shop Chicken Balsamic Grilled Heat & Serve", "cnid": "979", "productId": "192980", "size": "12 oz pkg"},
{"thumb": "http://i4.peapod.com/c/KK/KKNHZ.gif", "price": "599", "unit_price": "$7.99/ lb", "name": "Stop & Shop Chicken Lemon Thyme Grilled Heat & Serve", "cnid": "979", "productId": "192981", "size": "12 oz pkg"},
{"thumb": "http://i4.peapod.com/c/KK/KKNHZ.gif", "price": "479", "unit_price": "$3.83/ lb", "name": "Stop & Shop Macaroni & Cheese Heat & Serve", "cnid": "979", "productId": "138102", "size": "20 oz pkg"},
{"thumb": "http://i4.peapod.com/c/KK/KKNHZ.gif", "price": "349", "unit_price": "$4.65/ lb", "name": "Stop & Shop Macaroni & Cheese Heat & Serve", "cnid": "979", "productId": "138101", "size": "12 oz pkg"},
{"thumb": "http://i4.peapod.com/c/KK/KKNHZ.gif", "price": "479", "unit_price": "$3.19/ lb", "name": "Stop & Shop Mashed Potatoes Garlic Heat & Serve", "cnid": "979", "productId": "143898", "size": "24 oz pkg"},
{"thumb": "http://i4.peapod.com/c/KK/KKNHZ.gif", "price": "349", "unit_price": "$.25/ oz", "name": "Stop & Shop Mashed Potatoes Garlic Heat & Serve", "cnid": "979", "productId": "135778", "size": "14 oz pkg"},
{"thumb": "http://i4.peapod.com/c/KK/KKNHZ.gif", "price": "349", "unit_price": "$3.97/ lb", "name": "Stop & Shop Mashed Potatoes Homestyle Heat & Serve", "cnid": "979", "productId": "138090", "size": "14 oz pkg"},
{"thumb": "http://i4.peapod.com/c/KK/KKNHZ.gif", "price": "479", "unit_price": "$3.19/ lb", "name": "Stop & Shop Mashed Potatoes Homestyle Heat & Serve", "cnid": "979", "productId": "138091", "size": "24 oz pkg"},
{"thumb": "http://i4.peapod.com/c/KK/KKNHZ.gif", "price": "749", "unit_price": "$.31/ oz", "name": "Stop & Shop Quiche Lorraine Heat & Serve", "cnid": "979", "productId": "125126", "size": "24 oz pkg"},
{"thumb": "http://i4.peapod.com/c/KK/KKNHZ.gif", "price": "449", "unit_price": "$.37/ oz", "name": "Stop & Shop Quiche Lorraine Heat & Serve", "cnid": "979", "productId": "58246", "size": "12 oz pkg"},
{"thumb": "http://i4.peapod.com/c/KK/KKNHZ.gif", "price": "749", "unit_price": "$.31/ oz", "name": "Stop & Shop Quiche Spinach Heat & Serve", "cnid": "979", "productId": "77012", "size": "24 oz pkg"},
{"thumb": "http://i4.peapod.com/c/KK/KKNHZ.gif", "price": "449", "unit_price": "$.37/ oz", "name": "Stop & Shop Quiche Spinach Heat & Serve", "cnid": "979", "productId": "76633", "size": "12 oz pkg"},
{"thumb": "http://i4.peapod.com/c/KK/KKNHZ.gif", "price": "379", "unit_price": "$4.31/ lb", "name": "Stop & Shop Squash Butternut Heat & Serve", "cnid": "979", "productId": "138083", "size": "14 oz pkg"},
{"thumb": "http://i4.peapod.com/c/KK/KKNHZ.gif", "price": "599", "unit_price": "$4.16/ lb", "name": "Stop & Shop Squash Butternut Homestyle Heat & Serve", "cnid": "979", "productId": "142758", "size": "23 oz tub"},
{"thumb": "http://i4.peapod.com/c/KK/KKNHZ.gif", "price": "2499", "unit_price": "$24.99/ ea", "name": "Stuffed Shells in Rich Tomato Sauce Party Tray Serves 10-12 Prev. Frozen", "cnid": "979", "productId": "156192", "size": "4.8 lb pkg"},
{"thumb": "http://i4.peapod.com/c/KK/KKNHZ.gif", "price": "999", "unit_price": "$9.99/ lb", "name": "Arthur Schuman Cheddar Cheese Tray Cracker Cut", "cnid": "3018", "productId": "182680", "size": "16 oz pkg"},
{"thumb": "http://i4.peapod.com/c/KK/KKNHZ.gif", "price": "7599", "unit_price": "$75.99/ ea", "name": "Boar's Head Deli Platter Great Entertainer Large Serves 16", "cnid": "3018", "productId": "117029", "size": "1 platter"},
{"thumb": "http://i4.peapod.com/c/KK/KKNHZ.gif", "price": "4299", "unit_price": "$42.99/ ea", "name": "Boar's Head Deli Platter Great Entertainer Small Serves 8", "cnid": "3018", "productId": "117028", "size": "1 platter"},
{"thumb": "http://i4.peapod.com/c/KK/KKNHZ.gif", "price": "1797", "unit_price": "$5.99/ lb", "name": "Deli Platter Antipasto & Pepper", "cnid": "3018", "productId": "126497", "size": "apx 3 lb"},
{"thumb": "http://i4.peapod.com/c/KK/KKNHZ.gif", "price": "2999", "unit_price": "$29.99/ ea", "name": "Deli Platter Cheese Sampler Medium Serves 14-16", "cnid": "3018", "productId": "112009", "size": "1 platter"},
{"thumb": "http://i4.peapod.com/c/KK/KKNHZ.gif", "price": "6499", "unit_price": "$64.99/ ea", "name": "Deli Platter Chicken Tenders Boneless Large Serves 15-20", "cnid": "3018", "productId": "111130", "size": "1 platter"},
{"thumb": "http://i4.peapod.com/c/KK/KKNHZ.gif", "price": "3999", "unit_price": "$39.99/ ea", "name": "Deli Platter Chicken Tenders Boneless Medium Serves 8-10", "cnid": "3018", "productId": "111131", "size": "1 platter"},
{"thumb": "http://i4.peapod.com/c/KK/KKNHZ.gif", "price": "6999", "unit_price": "$69.99/ ea", "name": "Deli Platter Cold Cuts Classic Large Serves 20-22", "cnid": "3018", "productId": "111105", "size": "1 platter"},
{"thumb": "http://i4.peapod.com/c/KK/KKNHZ.gif", "price": "3999", "unit_price": "$39.99/ ea", "name": "Deli Platter Cold Cuts Classic Small Serves 10-12", "cnid": "3018", "productId": "111106", "size": "1 platter"},
{"thumb": "http://i4.peapod.com/c/KK/KKNHZ.gif", "price": "6599", "unit_price": "$65.99/ ea", "name": "Deli Platter Cold Cuts Great Entertainer Large Serves 14-20", "cnid": "3018", "productId": "111089", "size": "1 platter"},
{"thumb": "http://i4.peapod.com/c/KK/KKNHZ.gif", "price": "3599", "unit_price": "$35.99/ ea", "name": "Deli Platter Cold Cuts Great Entertainer Small Serves 7-10", "cnid": "3018", "productId": "111103", "size": "1 platter"},
{"thumb": "http://i4.peapod.com/c/KK/KKNHZ.gif", "price": "2499", "unit_price": "$24.99/ ea", "name": "Eggplant Parmesan Party Tray Serves 10-12 Previously Frozen", "cnid": "3018", "productId": "156188", "size": "4.8 lb pkg"},
{"thumb": "http://i4.peapod.com/c/KK/KKNHZ.gif", "price": "1799", "unit_price": "$17.99/ ea", "name": "Fruit Basket Traditional", "cnid": "3018", "productId": "38336", "size": "14 ct pkg"},
{"thumb": "http://i4.peapod.com/c/KK/KKNHZ.gif", "price": "1899", "unit_price": "$18.99/ ea", "name": "Fruit Platter Large Cut Serves 8-10", "cnid": "3018", "productId": "111143", "size": "apx 4 lb"},
{"thumb": "http://i4.peapod.com/c/KK/KKNHZ.gif", "price": "2599", "unit_price": "$25.99/ ea", "name": "Fruit Tray Festive Favorite - 23 ct", "cnid": "3018", "productId": "89296", "size": "1 platter"},
{"thumb": "http://i4.peapod.com/c/KK/KKNHZ.gif", "price": "1499", "unit_price": "$8.57/ lb", "name": "Hormel Meat & Cheese Party Tray", "cnid": "3018", "productId": "126089", "size": "28 oz pkg"},
{"thumb": "http://i4.peapod.com/c/KK/KKNHZ.gif", "price": "2499", "unit_price": "$24.99/ ea", "name": "Lasagna with Meat Sauce Party Tray Serves 10-12 Previously Frozen", "cnid": "3018", "productId": "156189", "size": "4.5 lb pkg"},
{"thumb": "http://i4.peapod.com/c/KK/KKNHZ.gif", "price": "2499", "unit_price": "$24.99/ ea", "name": "Meatballs Italian Style Cocktail Size Party Tray Serves 10-12 Prev. Frozen", "cnid": "3018", "productId": "156187", "size": "4.5 lb pkg"},
{"thumb": "http://i4.peapod.com/c/KK/KKNHZ.gif", "price": "2499", "unit_price": "$24.99/ ea", "name": "Meatballs Italian Style w/Sauce Party Tray Serves 10-12 Previously Frozen", "cnid": "3018", "productId": "156190", "size": "4.5 lb pkg"},
{"thumb": "http://i4.peapod.com/c/KK/KKNHZ.gif", "price": "2499", "unit_price": "$24.99/ ea", "name": "Sausage & Peppers in Savory Sauce Party Tray Serves 10-12 Prev. Frozen", "cnid": "3018", "productId": "156191", "size": "4.5 lb pkg"},
{"thumb": "http://i4.peapod.com/c/KK/KKNHZ.gif", "price": "699", "unit_price": "$9.32/ lb", "name": "Stop & Shop Shrimp Ring with Cocktail Sauce Farm-Raised - 51-60 ct Frozen", "cnid": "3018", "productId": "103181", "size": "12 oz pkg"},
{"thumb": "http://i4.peapod.com/c/KK/KKNHZ.gif", "price": "2499", "unit_price": "$24.99/ ea", "name": "Stuffed Shells in Rich Tomato Sauce Party Tray Serves 10-12 Prev. Frozen", "cnid": "3018", "productId": "156192", "size": "4.8 lb pkg"},
{"thumb": "http://i4.peapod.com/c/KK/KKNHZ.gif", "price": "1899", "unit_price": "$18.99/ ea", "name": "Vegetable Platter Large Cut Serves 8-10", "cnid": "3018", "productId": "111142", "size": "apx 4 lb"},
{"thumb": "http://i4.peapod.com/c/KK/KKNHZ.gif", "price": "999", "unit_price": "$9.99/ ea", "name": "Vegetable Platter Small Cuts Serves 4-5", "cnid": "3018", "productId": "145304", "size": "apx 2 lb"},
{"thumb": "http://i4.peapod.com/c/KK/KKNHZ.gif", "price": "349", "unit_price": "$11.26/ lb", "name": "Applegate Naturals Pepperoni Uncured Sliced", "cnid": "957", "productId": "141961", "size": "5 oz pkg"},
{"thumb": "http://i4.peapod.com/c/KK/KKNHZ.gif", "price": "799", "unit_price": "$12.11/ lb", "name": "Boar's Head Deli Salami Genoa Chub", "cnid": "957", "productId": "148498", "size": "10.5 oz pkg"},
{"thumb": "http://i4.peapod.com/c/KK/KKNHZ.gif", "price": "649", "unit_price": "$12.98/ lb", "name": "Boar's Head Panino Roll Prosciutto", "cnid": "957", "productId": "139796", "size": "8 oz pkg"},
{"thumb": "http://i4.peapod.com/c/KK/KKNHZ.gif", "price": "649", "unit_price": "$12.98/ lb", "name": "Boar's Head Panino Roll Salami", "cnid": "957", "productId": "139797", "size": "8 oz pkg"},
{"thumb": "http://i4.peapod.com/c/KK/KKNHZ.gif", "price": "449", "unit_price": "$10.95/ lb", "name": "Boar's Head Pepperoni Natural Casing Stick", "cnid": "957", "productId": "154456", "size": "6.5 oz pkg"},
{"thumb": "http://i4.peapod.com/c/KK/KKNHZ.gif", "price": "399", "unit_price": "$10.50/ lb", "name": "Boar's Head Pepperoni Sliced", "cnid": "957", "productId": "154455", "size": "6 oz pkg"},
{"thumb": "http://i4.peapod.com/c/KK/KKNHZ.gif", "price": "399", "unit_price": "$14.25/ lb", "name": "Boar's Head Pepperoni Turkey Sliced", "cnid": "957", "productId": "178209", "size": "4.5 oz bag"},
{"thumb": "http://i4.peapod.com/c/KK/KKNHZ.gif", "price": "599", "unit_price": "$11.98/ lb", "name": "Boar's Head Sausage Dry Abruzzese Hot", "cnid": "957", "productId": "158724", "size": "8 oz pkg"},
{"thumb": "http://i4.peapod.com/c/KK/KKNHZ.gif", "price": "599", "unit_price": "$11.98/ lb", "name": "Boar's Head Sausage Dry Abruzzese Sweet", "cnid": "957", "productId": "158723", "size": "8 oz pkg"},
{"thumb": "http://i4.peapod.com/c/KK/KKNHZ.gif", "price": "649", "unit_price": "$11.59/ lb", "name": "Boar's Head Sopressata Hot Chub", "cnid": "957", "productId": "148497", "size": "9 oz pkg"},
{"thumb": "http://i4.peapod.com/c/KK/KKNHZ.gif", "price": "649", "unit_price": "$11.59/ lb", "name": "Boar's Head Sopressata Sweet Chub", "cnid": "957", "productId": "148499", "size": "9 oz pkg"},
{"thumb": "http://i4.peapod.com/c/KK/KKNHZ.gif", "price": "99", "unit_price": "$7.61/ lb", "name": "Buddig Beef Smoked Lean Sliced", "cnid": "957", "productId": "9306", "size": "2 oz pkg"},
{"thumb": "http://i4.peapod.com/c/KK/KKNHZ.gif", "price": "99", "unit_price": "$7.61/ lb", "name": "Buddig Original Chicken", "cnid": "957", "productId": "9314", "size": "2 oz pkg"},
{"thumb": "http://i4.peapod.com/c/KK/KKNHZ.gif", "price": "99", "unit_price": "$7.61/ lb", "name": "Buddig Turkey Breast Smoked Lean Sliced", "cnid": "957", "productId": "9310", "size": "2 oz pkg"},
{"thumb": "http://i4.peapod.com/c/KK/KKNHZ.gif", "price": "499", "unit_price": "$9.98/ lb", "name": "Busseto Salami Dry Rosetta De Lyon Chub", "cnid": "957", "productId": "186037", "size": "8 oz pkg"},
{"thumb": "http://i4.peapod.com/c/KK/KKNHZ.gif", "price": "200", "unit_price": "$6.45/ lb", "name": "Butterball Chicken Breast Oven Roasted 97% Fat Free Thin Sliced", "cnid": "957", "productId": "35916", "size": "5 oz pkg"},
{"thumb": "http://i4.peapod.com/c/KK/KKNHZ.gif", "price": "289", "unit_price": "$9.32/ lb", "name": "Butterball Deli Thin Turkey Breast Oven Roasted Fat Free Sliced", "cnid": "957", "productId": "146148", "size": "5 oz pkg"},
{"thumb": "http://i4.peapod.com/c/KK/KKNHZ.gif", "price": "200", "unit_price": "$6.45/ lb", "name": "Butterball Turkey Breast Honey Roasted 97% Fat Free Thin Sliced", "cnid": "957", "productId": "35665", "size": "5 oz pkg"},
{"thumb": "http://i4.peapod.com/c/KK/KKNHZ.gif", "price": "300", "unit_price": "$5.36/ lb", "name": "Butterball Turkey Breast Honey Roasted Extra Thin Sliced", "cnid": "957", "productId": "146151", "size": "9 oz tub"},
{"thumb": "http://i4.peapod.com/c/KK/KKNHZ.gif", "price": "250", "unit_price": "$6.58/ lb", "name": "Carando Pepperoni Sliced", "cnid": "957", "productId": "120864", "size": "6 oz bag"},
{"thumb": "http://i4.peapod.com/c/KK/KKNHZ.gif", "price": "299", "unit_price": "$6.36/ lb", "name": "Carando Pepperoni Stick", "cnid": "957", "productId": "120940", "size": "7.5 oz pkg"},
{"thumb": "http://i4.peapod.com/c/KK/KKNHZ.gif", "price": "399", "unit_price": "$21.00/ lb", "name": "Daniele President's Prosciutto", "cnid": "957", "productId": "186054", "size": "3 oz pkg"},
{"thumb": "http://i4.peapod.com/c/KK/KKNHZ.gif", "price": "399", "unit_price": "$1.33/ oz", "name": "Daniele Prosciutto Sliced", "cnid": "957", "productId": "155929", "size": "3 oz pkg"},
{"thumb": "http://i4.peapod.com/c/KK/KKNHZ.gif", "price": "399", "unit_price": "$10.50/ lb", "name": "Daniele Salami Genoa Baby Chub", "cnid": "957", "productId": "186039", "size": "6 oz pkg"},
{"thumb": "http://i4.peapod.com/c/KK/KKNHZ.gif", "price": "499", "unit_price": "$9.98/ lb", "name": "Daniele Sausage Abruzzese Sweet Chub", "cnid": "957", "productId": "186038", "size": "8 oz pkg"},
{"thumb": "http://i4.peapod.com/c/KK/KKNHZ.gif", "price": "599", "unit_price": "$10.70/ lb", "name": "Daniele Sopresatta Sweet Baby Chub", "cnid": "957", "productId": "186041", "size": "9 oz pkg"},
{"thumb": "http://i4.peapod.com/c/KK/KKNHZ.gif", "price": "169", "unit_price": "$5.45/ lb", "name": "Healthy Ones Deli Ham Honey 97% Fat Free Thin Sliced", "cnid": "957", "productId": "147459", "size": "5 oz pkg"},
{"thumb": "http://i4.peapod.com/c/KK/KKNHZ.gif", "price": "169", "unit_price": "$5.45/ lb", "name": "Healthy Ones Deli Turkey Breast Oven Roasted 97% Fat Free Thin Sliced", "cnid": "957", "productId": "147380", "size": "5 oz pkg"},
{"thumb": "http://i4.peapod.com/c/KK/KKNHZ.gif", "price": "349", "unit_price": "$7.93/ lb", "name": "Healthy Ones Deluxe Ham Honey 97% Fat Free Thin Sliced", "cnid": "957", "productId": "147455", "size": "7 oz tub"},
{"thumb": "http://i4.peapod.com/c/KK/KKNHZ.gif", "price": "349", "unit_price": "$7.93/ lb", "name": "Healthy Ones Deluxe Turkey Breast Oven Roasted 97% Fat Free Thin Sliced", "cnid": "957", "productId": "147429", "size": "7 oz tub"},
{"thumb": "http://i4.peapod.com/c/KK/KKNHZ.gif", "price": "349", "unit_price": "$7.93/ lb", "name": "Healthy Ones Ham Honey & Turkey Oven Roasted Variety Pack Thin Sliced", "cnid": "957", "productId": "147454", "size": "7 oz tub"},
{"thumb": "http://i4.peapod.com/c/KK/KKNHZ.gif", "price": "349", "unit_price": "$7.93/ lb", "name": "Healthy Ones Turkey Breast Honey Smoked 97% Fat Free Thin Sliced", "cnid": "957", "productId": "162999", "size": "7 oz tub"},
{"thumb": "http://i4.peapod.com/c/KK/KKNHZ.gif", "price": "549", "unit_price": "$7.32/ lb", "name": "Hebrew National Salami Beef Lean", "cnid": "957", "productId": "163001", "size": "12 oz pkg"},
{"thumb": "http://i4.peapod.com/c/KK/KKNHZ.gif", "price": "369", "unit_price": "$6.59/ lb", "name": "Hillshire Farm Deli Select Chicken Breast Rotisserie Seasoned Thin Sliced", "cnid": "957", "productId": "142645", "size": "9 oz tub"},
{"thumb": "http://i4.peapod.com/c/KK/KKNHZ.gif", "price": "369", "unit_price": "$6.59/ lb", "name": "Hillshire Farm Deli Select Ham Brown Sugar Baked Thin Sliced", "cnid": "957", "productId": "155942", "size": "9 oz tub"},
{"thumb": "http://i4.peapod.com/c/KK/KKNHZ.gif", "price": "369", "unit_price": "$6.59/ lb", "name": "Hillshire Farm Deli Select Ham Honey 97% Fat Free Ultra Thin Sliced", "cnid": "957", "productId": "129115", "size": "9 oz tub"},
{"thumb": "http://i4.peapod.com/c/KK/KKNHZ.gif", "price": "369", "unit_price": "$7.38/ lb", "name": "Hillshire Farm Deli Select Ham Honey Lower Sodium Ultra Thin Sliced", "cnid": "957", "productId": "159361", "size": "8 oz tub"},
{"thumb": "http://i4.peapod.com/c/KK/KKNHZ.gif", "price": "369", "unit_price": "$6.59/ lb", "name": "Hillshire Farm Deli Select Ham Smoked 97% Fat Free Ultra Thin Sliced", "cnid": "957", "productId": "129116", "size": "9 oz tub"},
{"thumb": "http://i4.peapod.com/c/KK/KKNHZ.gif", "price": "369", "unit_price": "$7.38/ lb", "name": "Hillshire Farm Deli Select Pastrami 97% Fat Free Ultra Thin Sliced", "cnid": "957", "productId": "141967", "size": "8 oz tub"},
{"thumb": "http://i4.peapod.com/c/KK/KKNHZ.gif", "price": "369", "unit_price": "$7.38/ lb", "name": "Hillshire Farm Deli Select Roast Beef 97% Fat Free Ultra Thin Sliced", "cnid": "957", "productId": "129119", "size": "8 oz tub"},
{"thumb": "http://i4.peapod.com/c/KK/KKNHZ.gif", "price": "369", "unit_price": "$6.59/ lb", "name": "Hillshire Farm Deli Select Turkey Breast Honey Roasted Ultra Thin Sliced", "cnid": "957", "productId": "129118", "size": "9 oz tub"},
{"thumb": "http://i4.peapod.com/c/KK/KKNHZ.gif", "price": "369", "unit_price": "$6.59/ lb", "name": "Hillshire Farm Deli Select Turkey Breast Mesquite Smoked Ultra Thin Sliced", "cnid": "957", "productId": "142646", "size": "9 oz tub"},
{"thumb": "http://i4.peapod.com/c/KK/KKNHZ.gif", "price": "369", "unit_price": "$6.59/ lb", "name": "Hillshire Farm Deli Select Turkey Breast Oven Roasted Ultra Thin Sliced", "cnid": "957", "productId": "129117", "size": "9 oz tub"},
{"thumb": "http://i4.peapod.com/c/KK/KKNHZ.gif", "price": "369", "unit_price": "$7.38/ lb", "name": "Hillshire Farm Deli Select Turkey Breast Oven Roast Low Sodium Thin Sliced", "cnid": "957", "productId": "159360", "size": "8 oz tub"},
{"thumb": "http://i4.peapod.com/c/KK/KKNHZ.gif", "price": "599", "unit_price": "$5.99/ lb", "name": "Hillshire Farm Deli Select Turkey Breast Oven Roast Ultra Thin Sliced", "cnid": "957", "productId": "155196", "size": "16 oz tub"},
{"thumb": "http://i4.peapod.com/c/KK/KKNHZ.gif", "price": "219", "unit_price": "$2.19/ lb", "name": "John Morrell Salami Sliced", "cnid": "957", "productId": "162673", "size": "16 oz pkg"},
{"thumb": "http://i4.peapod.com/c/KK/KKNHZ.gif", "price": "219", "unit_price": "$4.38/ lb", "name": "Jones Dairy Farm Braunschweiger Liverwurst with Bacon Sliced", "cnid": "957", "productId": "3162", "size": "8 oz pkg"},
{"thumb": "http://i4.peapod.com/c/KK/KKNHZ.gif", "price": "479", "unit_price": "$9.58/ lb", "name": "Krakus Ham Polish Sliced", "cnid": "957", "productId": "158767", "size": "8 oz pkg"},
{"thumb": "http://i4.peapod.com/c/KK/KKNHZ.gif", "price": "379", "unit_price": "$6.77/ lb", "name": "Louis Rich Oscar Mayer Turkey & Chicken Fat Free Variety Pack Sliced", "cnid": "957", "productId": "41230", "size": "9 oz pkg"},
{"thumb": "http://i4.peapod.com/c/KK/KKNHZ.gif", "price": "549", "unit_price": "$10.99/ lb", "name": "Margherita Deli Prosciutto Boneless (Regular Sliced)", "cnid": "957", "productId": "106608", "size": "apx 1/2 lb"},
{"thumb": "http://i4.peapod.com/c/KK/KKNHZ.gif", "price": "549", "unit_price": "$10.99/ lb", "name": "Margherita Deli Prosciutto Boneless (Thin Sliced)", "cnid": "957", "productId": "106610", "size": "apx 1/2 lb"},
{"thumb": "http://i4.peapod.com/c/KK/KKNHZ.gif", "price": "299", "unit_price": "$7.87/ lb", "name": "Margherita Pepperoni Italian Style Sliced", "cnid": "957", "productId": "124446", "size": "6 oz pkg"},
{"thumb": "http://i4.peapod.com/c/KK/KKNHZ.gif", "price": "309", "unit_price": "$6.18/ lb", "name": "Margherita Pepperoni Stick", "cnid": "957", "productId": "158744", "size": "8 oz pkg"},
{"thumb": "http://i4.peapod.com/c/KK/KKNHZ.gif", "price": "449", "unit_price": "$14.48/ lb", "name": "Margherita Salami Genoa Sliced", "cnid": "957", "productId": "125986", "size": "5 oz pkg"},
{"thumb": "http://i4.peapod.com/c/KK/KKNHZ.gif", "price": "449", "unit_price": "$14.48/ lb", "name": "Margherita Salami Hard Sliced", "cnid": "957", "productId": "125987", "size": "5 oz pkg"},
{"thumb": "http://i4.peapod.com/c/KK/KKNHZ.gif", "price": "479", "unit_price": "$10.89/ lb", "name": "Nature's Promise Naturals Ham Honey Maple Uncured Sliced", "cnid": "957", "productId": "153979", "size": "7 oz pkg"},
{"thumb": "http://i4.peapod.com/c/KK/KKNHZ.gif", "price": "479", "unit_price": "$10.89/ lb", "name": "Nature's Promise Naturals Ham Virginia Brand Uncured Sliced", "cnid": "957", "productId": "154800", "size": "7 oz pkg"},
{"thumb": "http://i4.peapod.com/c/KK/KKNHZ.gif", "price": "479", "unit_price": "$10.89/ lb", "name": "Nature's Promise Naturals Turkey Breast Hickory Smoked Sliced", "cnid": "957", "productId": "153980", "size": "7 oz pkg"},
{"thumb": "http://i4.peapod.com/c/KK/KKNHZ.gif", "price": "479", "unit_price": "$10.89/ lb", "name": "Nature's Promise Naturals Turkey Breast Honey Roasted Sliced", "cnid": "957", "productId": "167203", "size": "7 oz pkg"},
{"thumb": "http://i4.peapod.com/c/KK/KKNHZ.gif", "price": "479", "unit_price": "$10.89/ lb", "name": "Nature's Promise Naturals Turkey Breast Oven Roasted Sliced", "cnid": "957", "productId": "153981", "size": "7 oz pkg"},
{"thumb": "http://i4.peapod.com/c/KK/KKNHZ.gif", "price": "599", "unit_price": "$15.76/ lb", "name": "Norpaco Panini Roll Prosciutto", "cnid": "957", "productId": "141515", "size": "6 oz pkg"},
{"thumb": "http://i4.peapod.com/c/KK/KKNHZ.gif", "price": "599", "unit_price": "$15.76/ lb", "name": "Norpaco Panini Roll Sopressata", "cnid": "957", "productId": "141514", "size": "6 oz pkg"},
{"thumb": "http://i4.peapod.com/c/KK/KKNHZ.gif", "price": "329", "unit_price": "$6.58/ lb", "name": "Oscar Mayer Bologna Beef Light Sliced", "cnid": "957", "productId": "6351", "size": "8 oz pkg"},
{"thumb": "http://i4.peapod.com/c/KK/KKNHZ.gif", "price": "329", "unit_price": "$6.58/ lb", "name": "Oscar Mayer Bologna Beef Sliced", "cnid": "957", "productId": "6346", "size": "8 oz pkg"},
{"thumb": "http://i4.peapod.com/c/KK/KKNHZ.gif", "price": "469", "unit_price": "$4.69/ lb", "name": "Oscar Mayer Bologna Beef Sliced", "cnid": "957", "productId": "6345", "size": "16 oz pkg"},
{"thumb": "http://i4.peapod.com/c/KK/KKNHZ.gif", "price": "419", "unit_price": "$5.59/ lb", "name": "Oscar Mayer Bologna Beef Sliced", "cnid": "957", "productId": "6344", "size": "12 oz pkg"},
{"thumb": "http://i4.peapod.com/c/KK/KKNHZ.gif", "price": "169", "unit_price": "$1.69/ lb", "name": "Oscar Mayer Bologna Light Sliced", "cnid": "957", "productId": "60616", "size": "16 oz pkg"},
{"thumb": "http://i4.peapod.com/c/KK/KKNHZ.gif", "price": "209", "unit_price": "$4.18/ lb", "name": "Oscar Mayer Bologna Made with Chicken & Pork Sliced", "cnid": "957", "productId": "6341", "size": "8 oz pkg"},
{"thumb": "http://i4.peapod.com/c/KK/KKNHZ.gif", "price": "169", "unit_price": "$1.69/ lb", "name": "Oscar Mayer Bologna Sliced", "cnid": "957", "productId": "6340", "size": "16 oz pkg"},
{"thumb": "http://i4.peapod.com/c/KK/KKNHZ.gif", "price": "229", "unit_price": "$3.05/ lb", "name": "Oscar Mayer Bologna Sliced", "cnid": "957", "productId": "6342", "size": "12 oz pkg"},
{"thumb": "http://i4.peapod.com/c/KK/KKNHZ.gif", "price": "169", "unit_price": "$1.69/ lb", "name": "Oscar Mayer Bologna Turkey Lower Fat Sliced", "cnid": "957", "productId": "8501", "size": "16 oz pkg"},
{"thumb": "http://i4.peapod.com/c/KK/KKNHZ.gif", "price": "449", "unit_price": "$9.55/ lb", "name": "Oscar Mayer Carving Board Chicken Breast Rotisserie Seasoned", "cnid": "957", "productId": "160485", "size": "7.5 oz pkg"},
{"thumb": "http://i4.peapod.com/c/KK/KKNHZ.gif", "price": "549", "unit_price": "$7.32/ lb", "name": "Oscar Mayer Carving Board Pulled Pork Hickory Smoked Seasoned", "cnid": "957", "productId": "192083", "size": "12 oz pkg"},
{"thumb": "http://i4.peapod.com/c/KK/KKNHZ.gif", "price": "333", "unit_price": "$5.95/ lb", "name": "Oscar Mayer Deli Fresh Chicken Breast Rotisserie Seasoned", "cnid": "957", "productId": "153745", "size": "9 oz pkg"},
{"thumb": "http://i4.peapod.com/c/KK/KKNHZ.gif", "price": "333", "unit_price": "$5.95/ lb", "name": "Oscar Mayer Deli Fresh Ham Honey", "cnid": "957", "productId": "134996", "size": "9 oz pkg"},
{"thumb": "http://i4.peapod.com/c/KK/KKNHZ.gif", "price": "333", "unit_price": "$7.57/ lb", "name": "Oscar Mayer Deli Fresh Roast Beef Slow Roasted", "cnid": "957", "productId": "152447", "size": "7 oz pkg"},
{"thumb": "http://i4.peapod.com/c/KK/KKNHZ.gif", "price": "333", "unit_price": "$5.95/ lb", "name": "Oscar Mayer Deli Fresh Turkey Breast Honey Smoked", "cnid": "957", "productId": "153746", "size": "9 oz pkg"},
{"thumb": "http://i4.peapod.com/c/KK/KKNHZ.gif", "price": "333", "unit_price": "$5.95/ lb", "name": "Oscar Mayer Deli Fresh Turkey Breast Mesquite", "cnid": "957", "productId": "153747", "size": "9 oz pkg"},
{"thumb": "http://i4.peapod.com/c/KK/KKNHZ.gif", "price": "333", "unit_price": "$5.95/ lb", "name": "Oscar Mayer Deli Fresh Turkey Breast Oven Roasted", "cnid": "957", "productId": "134995", "size": "9 oz pkg"},
{"thumb": "http://i4.peapod.com/c/KK/KKNHZ.gif", "price": "333", "unit_price": "$5.95/ lb", "name": "Oscar Mayer Deli Fresh Turkey Breast Smoked", "cnid": "957", "productId": "130474", "size": "9 oz pkg"},
{"thumb": "http://i4.peapod.com/c/KK/KKNHZ.gif", "price": "379", "unit_price": "$5.05/ lb", "name": "Oscar Mayer Quality Meats Variery-Pak Turkey", "cnid": "957", "productId": "8497", "size": "12 oz pkg"},
{"thumb": "http://i4.peapod.com/c/KK/KKNHZ.gif", "price": "499", "unit_price": "$9.98/ lb", "name": "Oscar Mayer Salami Hard Sliced", "cnid": "957", "productId": "6357", "size": "8 oz pkg"},
{"thumb": "http://i4.peapod.com/c/KK/KKNHZ.gif", "price": "499", "unit_price": "$6.65/ lb", "name": "Plumrose Premium Ham Baked 97% Fat Free Sliced", "cnid": "957", "productId": "162674", "size": "12 oz pkg"},
{"thumb": "http://i4.peapod.com/c/KK/KKNHZ.gif", "price": "499", "unit_price": "$6.65/ lb", "name": "Plumrose Premium Ham Honey 97% Fat Free Sliced", "cnid": "957", "productId": "162675", "size": "12 oz pkg"},
{"thumb": "http://i4.peapod.com/c/KK/KKNHZ.gif", "price": "359", "unit_price": "$5.70/ lb", "name": "Russer Bologna Lite Sliced", "cnid": "957", "productId": "143290", "size": "10 oz pkg"},
{"thumb": "http://i4.peapod.com/c/KK/KKNHZ.gif", "price": "459", "unit_price": "$9.18/ lb", "name": "Russer Ham Cooked Light Sliced", "cnid": "957", "productId": "154798", "size": "8 oz pkg"},
{"thumb": "http://i4.peapod.com/c/KK/KKNHZ.gif", "price": "459", "unit_price": "$9.18/ lb", "name": "Russer Ham Cooked Sliced", "cnid": "957", "productId": "143288", "size": "8 oz pkg"},
{"thumb": "http://i4.peapod.com/c/KK/KKNHZ.gif", "price": "459", "unit_price": "$9.18/ lb", "name": "Russer Ham Honey Sliced", "cnid": "957", "productId": "139794", "size": "8 oz pkg"},
{"thumb": "http://i4.peapod.com/c/KK/KKNHZ.gif", "price": "429", "unit_price": "$8.58/ lb", "name": "Russer Ham Virginia Smoked Sliced", "cnid": "957", "productId": "133084", "size": "8 oz pkg"},
{"thumb": "http://i4.peapod.com/c/KK/KKNHZ.gif", "price": "499", "unit_price": "$9.98/ lb", "name": "Russer Roast Beef Sliced", "cnid": "957", "productId": "139795", "size": "8 oz pkg"},
{"thumb": "http://i4.peapod.com/c/KK/KKNHZ.gif", "price": "499", "unit_price": "$9.98/ lb", "name": "Russer Turkey Breast Smoked Sliced", "cnid": "957", "productId": "125396", "size": "8 oz pkg"},
{"thumb": "http://i4.peapod.com/c/KK/KKNHZ.gif", "price": "449", "unit_price": "$8.98/ lb", "name": "Russer Turkey Oven Roasted Sliced", "cnid": "957", "productId": "186666", "size": "8 oz pkg"},
{"thumb": "http://i4.peapod.com/c/KK/KKNHZ.gif", "price": "299", "unit_price": "$5.34/ lb", "name": "Stop & Shop Deli Ham Black Forest Thin Sliced", "cnid": "957", "productId": "156201", "size": "9 oz tub"},
{"thumb": "http://i4.peapod.com/c/KK/KKNHZ.gif", "price": "299", "unit_price": "$5.34/ lb", "name": "Stop & Shop Deli Ham Cooked Thin Sliced", "cnid": "957", "productId": "156206", "size": "9 oz tub"},
{"thumb": "http://i4.peapod.com/c/KK/KKNHZ.gif", "price": "299", "unit_price": "$5.34/ lb", "name": "Stop & Shop Deli Ham Honey Thin Sliced", "cnid": "957", "productId": "156205", "size": "9 oz tub"},
{"thumb": "http://i4.peapod.com/c/KK/KKNHZ.gif", "price": "299", "unit_price": "$6.80/ lb", "name": "Stop & Shop Deli Roast Beef Thin Sliced", "cnid": "957", "productId": "156207", "size": "7 oz tub"},
{"thumb": "http://i4.peapod.com/c/KK/KKNHZ.gif", "price": "249", "unit_price": "$4.98/ lb", "name": "Stop & Shop Ham Danish Brand 96% Fat Free Sliced", "cnid": "957", "productId": "162680", "size": "8 oz pkg"},
{"thumb": "http://i4.peapod.com/c/KK/KKNHZ.gif", "price": "249", "unit_price": "$4.98/ lb", "name": "Stop & Shop Turkey Breast Oven Roasted 98% Fat Free Sliced", "cnid": "957", "productId": "162678", "size": "8 oz pkg"},
{"thumb": "http://i4.peapod.com/c/KK/KKNHZ.gif", "price": "299", "unit_price": "$5.34/ lb", "name": "Stop & Shop Turkey Breast Oven Roasted Thin Sliced", "cnid": "957", "productId": "156203", "size": "9 oz tub"},
{"thumb": "http://i4.peapod.com/c/KK/KKNHZ.gif", "price": "299", "unit_price": "$5.34/ lb", "name": "Stop & Shop Turkey Smoked Honey Deli Thin Sliced", "cnid": "957", "productId": "156204", "size": "9 oz tub"},
{"thumb": "http://i4.peapod.com/c/KK/KKNHZ.gif", "price": "499", "unit_price": "$4.99/ lb", "name": "Wilson Pepperoni Sliced", "cnid": "957", "productId": "154457", "size": "16 oz pkg"},
{"thumb": "http://i4.peapod.com/c/KK/KKNHZ.gif", "price": "399", "unit_price": "$7.98/ lb", "name": "Wilson Pepperoni Sliced", "cnid": "957", "productId": "127943", "size": "8 oz pkg"},
{"thumb": "http://i4.peapod.com/c/KK/KKNHZ.gif", "price": "399", "unit_price": "$10.50/ lb", "name": "Wilson Pepperoni Turkey Sliced", "cnid": "957", "productId": "154458", "size": "6 oz pkg"},
{"thumb": "http://i4.peapod.com/c/KK/KKNHZ.gif", "price": "249", "unit_price": "$4.98/ lb", "name": "Wunderbar Bologna German Brand Sliced", "cnid": "957", "productId": "125990", "size": "8 oz pkg"},
{"thumb": "http://i4.peapod.com/c/KK/KKNHZ.gif", "price": "439", "unit_price": "$11.55/ lb", "name": "4C Parmesan & Romano Cheese 100% Natural Grated", "cnid": "3037", "productId": "148244", "size": "6 oz jar"},
{"thumb": "http://i4.peapod.com/c/KK/KKNHZ.gif", "price": "499", "unit_price": "$.62/ oz", "name": "4C Parmesan & Romano Cheese Grated 100% Natural", "cnid": "3037", "productId": "36904", "size": "8 oz can"},
{"thumb": "http://i4.peapod.com/c/KK/KKNHZ.gif", "price": "439", "unit_price": "$.73/ oz", "name": "4C Parmesan Cheese Grated 100% Natural", "cnid": "3037", "productId": "36905", "size": "6 oz jar"},
{"thumb": "http://i4.peapod.com/c/KK/KKNHZ.gif", "price": "499", "unit_price": "$.62/ oz", "name": "4C Parmesan Cheese Grated 100% Natural", "cnid": "3037", "productId": "36903", "size": "8 oz can"},
{"thumb": "http://i4.peapod.com/c/KK/KKNHZ.gif", "price": "499", "unit_price": "$9.98/ lb", "name": "Alpine Lace Swiss Cheese Reduced Fat Sliced", "cnid": "3037", "productId": "155918", "size": "8 oz bag"},
{"thumb": "http://i4.peapod.com/c/KK/KKNHZ.gif", "price": "449", "unit_price": "$8.98/ lb", "name": "Applegate Naturals American Cheese White Sliced", "cnid": "3037", "productId": "143256", "size": "8 oz pkg"},
{"thumb": "http://i4.peapod.com/c/KK/KKNHZ.gif", "price": "449", "unit_price": "$8.98/ lb", "name": "Applegate Naturals Cheddar Cheese Medium Sliced", "cnid": "3037", "productId": "130036", "size": "8 oz pkg"},
{"thumb": "http://i4.peapod.com/c/KK/KKNHZ.gif", "price": "529", "unit_price": "$10.58/ lb", "name": "Applegate Naturals Emmentaler Swiss Cheese Sliced", "cnid": "3037", "productId": "130037", "size": "8 oz pkg"},
{"thumb": "http://i4.peapod.com/c/KK/KKNHZ.gif", "price": "449", "unit_price": "$8.98/ lb", "name": "BelGioioso Provolone Cheese Mild Sliced", "cnid": "3037", "productId": "130967", "size": "8 oz pkg"},
{"thumb": "http://i4.peapod.com/c/KK/KKNHZ.gif", "price": "359", "unit_price": "$7.18/ lb", "name": "Cabot Cheddar Cheese Seriously Sharp White", "cnid": "3037", "productId": "128170", "size": "8 oz bar"},
{"thumb": "http://i4.peapod.com/c/KK/KKNHZ.gif", "price": "359", "unit_price": "$7.18/ lb", "name": "Cabot Cheddar Cheese Sharp 50% Reduced Fat", "cnid": "3037", "productId": "35405", "size": "8 oz bar"},
{"thumb": "http://i4.peapod.com/c/KK/KKNHZ.gif", "price": "339", "unit_price": "$6.78/ lb", "name": "Cabot Cheddar Cheese Vermont Extra Sharp White", "cnid": "3037", "productId": "35406", "size": "8 oz bar"},
{"thumb": "http://i4.peapod.com/c/KK/KKNHZ.gif", "price": "339", "unit_price": "$6.78/ lb", "name": "Cabot Colby Jack Cheese Chunk", "cnid": "3037", "productId": "159217", "size": "8 oz bar"},
{"thumb": "http://i4.peapod.com/c/KK/KKNHZ.gif", "price": "549", "unit_price": "$2.74/ lb", "name": "Dragone Ricotta Cheese Part-Skim", "cnid": "3037", "productId": "57612", "size": "32 oz tub"},
{"thumb": "http://i4.peapod.com/c/KK/KKNHZ.gif", "price": "549", "unit_price": "$2.74/ lb", "name": "Dragone Ricotta Cheese Whole Milk", "cnid": "3037", "productId": "57610", "size": "32 oz tub"},
{"thumb": "http://i4.peapod.com/c/KK/KKNHZ.gif", "price": "399", "unit_price": "$9.07/ lb", "name": "Galaxy Foods Veggie Shreds Cheddar Flavor Soy Cheese Alternative", "cnid": "3037", "productId": "124336", "size": "7 oz pkg"},
{"thumb": "http://i4.peapod.com/c/KK/KKNHZ.gif", "price": "399", "unit_price": "$9.07/ lb", "name": "Galaxy Foods Veggie Shreds Mozzarella Flavor Soy Cheese Alternative", "cnid": "3037", "productId": "124337", "size": "7 oz pkg"},
{"thumb": "http://i4.peapod.com/c/KK/KKNHZ.gif", "price": "369", "unit_price": "$9.71/ lb", "name": "Galaxy Foods Veggie Shreds Parm, Mozzarella & Romano Cheese Alternative", "cnid": "3037", "productId": "159442", "size": "6 oz pkg"},
{"thumb": "http://i4.peapod.com/c/KK/KKNHZ.gif", "price": "349", "unit_price": "$6.98/ lb", "name": "Galaxy Foods Veggie Slices American Flavor Soy Cheese Alternative - 12 ct", "cnid": "3037", "productId": "124341", "size": "8 oz pkg"},
{"thumb": "http://i4.peapod.com/c/KK/KKNHZ.gif", "price": "349", "unit_price": "$7.59/ lb", "name": "Galaxy Foods Veggie Slices Cheddar Flavor Soy Cheese Alternative - 12 ct", "cnid": "3037", "productId": "118800", "size": "7.3 oz pkg"},
{"thumb": "http://i4.peapod.com/c/KK/KKNHZ.gif", "price": "349", "unit_price": "$7.59/ lb", "name": "Galaxy Foods Veggie Slices Pepper Jack Flavor Soy Cheese Alternative-12 ct", "cnid": "3037", "productId": "125721", "size": "7.3 oz pkg"},
{"thumb": "http://i4.peapod.com/c/KK/KKNHZ.gif", "price": "349", "unit_price": "$7.59/ lb", "name": "Galaxy Foods Veggie Slices Swiss Flavor Soy Cheese Alternative - 12 ct", "cnid": "3037", "productId": "118801", "size": "7.3 oz pkg"},
{"thumb": "http://i4.peapod.com/c/KK/KKNHZ.gif", "price": "499", "unit_price": "$9.98/ lb", "name": "Galaxy Foods Veggie Topping Parmesan Flavor Soy Cheese Alternative Grated", "cnid": "3037", "productId": "159443", "size": "8 oz btl"},
{"thumb": "http://i4.peapod.com/c/KK/KKNHZ.gif", "price": "399", "unit_price": "$7.98/ lb", "name": "Hoffman's Cheese Variety Pack Sliced", "cnid": "3037", "productId": "125985", "size": "8 oz pkg"},
{"thumb": "http://i4.peapod.com/c/KK/KKNHZ.gif", "price": "469", "unit_price": "$9.38/ lb", "name": "Horizon Organic American Cheese Singles - 12 ct", "cnid": "3037", "productId": "141716", "size": "8 oz pkg"},
{"thumb": "http://i4.peapod.com/c/KK/KKNHZ.gif", "price": "499", "unit_price": "$9.98/ lb", "name": "Jarlsberg Swiss Cheese Lite All Natural Deli Thin Sliced", "cnid": "3037", "productId": "135786", "size": "8 oz pkg"},
{"thumb": "http://i4.peapod.com/c/KK/KKNHZ.gif", "price": "499", "unit_price": "$9.98/ lb", "name": "Jarlsberg Swiss Cheese Part-Skim Deli Thin Sliced", "cnid": "3037", "productId": "133230", "size": "8 oz pkg"},
{"thumb": "http://i4.peapod.com/c/KK/KKNHZ.gif", "price": "379", "unit_price": "$7.58/ lb", "name": "Kraft Aged Cheddar Cheese Wisconsin Sharp Shredded Natural", "cnid": "3037", "productId": "1788", "size": "8 oz bag"},
{"thumb": "http://i4.peapod.com/c/KK/KKNHZ.gif", "price": "399", "unit_price": "$5.95/ lb", "name": "Kraft American Cheese 2% Milk Reduced Fat Singles - 16 ct", "cnid": "3037", "productId": "51233", "size": "10.7 oz pkg"},
{"thumb": "http://i4.peapod.com/c/KK/KKNHZ.gif", "price": "400", "unit_price": "$4.00/ lb", "name": "Kraft American Cheese Singles - 24 ct", "cnid": "3037", "productId": "1760", "size": "16 oz pkg"},
{"thumb": "http://i4.peapod.com/c/KK/KKNHZ.gif", "price": "399", "unit_price": "$5.95/ lb", "name": "Kraft American Cheese White 2% Milk Reduced Fat Singles - 16 ct", "cnid": "3037", "productId": "75045", "size": "10.7 oz pkg"},
{"thumb": "http://i4.peapod.com/c/KK/KKNHZ.gif", "price": "400", "unit_price": "$4.00/ lb", "name": "Kraft American Cheese White Singles - 24 ct", "cnid": "3037", "productId": "65935", "size": "16 oz pkg"},
{"thumb": "http://i4.peapod.com/c/KK/KKNHZ.gif", "price": "379", "unit_price": "$8.61/ lb", "name": "Kraft Cheddar Cheese Mild Fat Free Shredded Natural", "cnid": "3037", "productId": "51538", "size": "7 oz bag"},
{"thumb": "http://i4.peapod.com/c/KK/KKNHZ.gif", "price": "379", "unit_price": "$8.61/ lb", "name": "Kraft Cheddar Cheese Sharp 2% Milk Reduced Fat Finely Shredded Natural", "cnid": "3037", "productId": "130406", "size": "7 oz bag"},
{"thumb": "http://i4.peapod.com/c/KK/KKNHZ.gif", "price": "439", "unit_price": "$6.55/ lb", "name": "Kraft Cheddar Cheese Sharp Fat Free Singles - 16 ct", "cnid": "3037", "productId": "19756", "size": "10.7 oz pkg"},
{"thumb": "http://i4.peapod.com/c/KK/KKNHZ.gif", "price": "299", "unit_price": "$7.87/ lb", "name": "Kraft Cracker Barrel Cheddar Cheese Extra Sharp 2% Milk Sticks - 8 ct", "cnid": "3037", "productId": "148437", "size": "6 oz pkg"},
{"thumb": "http://i4.peapod.com/c/KK/KKNHZ.gif", "price": "299", "unit_price": "$5.98/ lb", "name": "Kraft Cracker Barrel Cheddar Cheese Extra Sharp White", "cnid": "3037", "productId": "123883", "size": "8 oz bar"},
{"thumb": "http://i4.peapod.com/c/KK/KKNHZ.gif", "price": "299", "unit_price": "$5.98/ lb", "name": "Kraft Cracker Barrel Cheddar Cheese Extra Sharp White 2% Milk Reduced Fat", "cnid": "3037", "productId": "42767", "size": "8 oz bar"},
{"thumb": "http://i4.peapod.com/c/KK/KKNHZ.gif", "price": "299", "unit_price": "$7.87/ lb", "name": "Kraft Cracker Barrel Cheddar Cheese Extra Sharp White Sticks - 8 ct", "cnid": "3037", "productId": "142676", "size": "6 oz pkg"},
{"thumb": "http://i4.peapod.com/c/KK/KKNHZ.gif", "price": "299", "unit_price": "$5.98/ lb", "name": "Kraft Cracker Barrel Cheddar Cheese Extra Sharp Yellow", "cnid": "3037", "productId": "1786", "size": "8 oz bar"},
{"thumb": "http://i4.peapod.com/c/KK/KKNHZ.gif", "price": "299", "unit_price": "$5.98/ lb", "name": "Kraft Cracker Barrel Cheddar Cheese Sharp", "cnid": "3037", "productId": "1785", "size": "8 oz bar"},
{"thumb": "http://i4.peapod.com/c/KK/KKNHZ.gif", "price": "299", "unit_price": "$5.98/ lb", "name": "Kraft Cracker Barrel Cheddar Cheese Sharp Marbled", "cnid": "3037", "productId": "70524", "size": "8 oz bar"},
{"thumb": "http://i4.peapod.com/c/KK/KKNHZ.gif", "price": "299", "unit_price": "$5.98/ lb", "name": "Kraft Cracker Barrel Cheddar Cheese Sharp White Natural", "cnid": "3037", "productId": "123882", "size": "8 oz bar"},
{"thumb": "http://i4.peapod.com/c/KK/KKNHZ.gif", "price": "299", "unit_price": "$5.98/ lb", "name": "Kraft Cracker Barrel Cheddar Cheese Vermont Sharp White", "cnid": "3037", "productId": "70525", "size": "8 oz bar"},
{"thumb": "http://i4.peapod.com/c/KK/KKNHZ.gif", "price": "579", "unit_price": "$5.79/ lb", "name": "Kraft Deli Deluxe American Cheese White Singles - 24 ct", "cnid": "3037", "productId": "92387", "size": "16 oz pkg"},
{"thumb": "http://i4.peapod.com/c/KK/KKNHZ.gif", "price": "379", "unit_price": "$7.58/ lb", "name": "Kraft Mozzarella Cheese Low-Moisture Part-Skim Shredded Natural", "cnid": "3037", "productId": "1797", "size": "8 oz bag"},
{"thumb": "http://i4.peapod.com/c/KK/KKNHZ.gif", "price": "379", "unit_price": "$8.61/ lb", "name": "Kraft Mozzarella Cheese Shredded Fat Free Natural", "cnid": "3037", "productId": "51539", "size": "7 oz bag"},
{"thumb": "http://i4.peapod.com/c/KK/KKNHZ.gif", "price": "399", "unit_price": "$7.98/ lb", "name": "Kraft Parmesan & Romano Cheese 100% Grated", "cnid": "3037", "productId": "45600", "size": "8 oz can"},
{"thumb": "http://i4.peapod.com/c/KK/KKNHZ.gif", "price": "399", "unit_price": "$7.98/ lb", "name": "Kraft Parmesan Cheese Grated", "cnid": "3037", "productId": "1761", "size": "8 oz can"},
{"thumb": "http://i4.peapod.com/c/KK/KKNHZ.gif", "price": "549", "unit_price": "$9.80/ lb", "name": "Kraft Snackables Mozzarella & Cheddar Cheese Twists Natural - 12 ct", "cnid": "3037", "productId": "64966", "size": "9 oz pkg"},
{"thumb": "http://i4.peapod.com/c/KK/KKNHZ.gif", "price": "459", "unit_price": "$4.59/ lb", "name": "Kraft Velveeta Cheese Loaf", "cnid": "3037", "productId": "1767", "size": "1 lb pkg"},
{"thumb": "http://i4.peapod.com/c/KK/KKNHZ.gif", "price": "399", "unit_price": "$5.32/ lb", "name": "Kraft Velveeta Cheese Slices - 16 ct", "cnid": "3037", "productId": "1742", "size": "12 oz pkg"},
{"thumb": "http://i4.peapod.com/c/KK/KKNHZ.gif", "price": "799", "unit_price": "$7.99/ lb", "name": "LAND O LAKES American Cheese Product White", "cnid": "3037", "productId": "186654", "size": "16 oz pkg"},
{"thumb": "http://i4.peapod.com/c/KK/KKNHZ.gif", "price": "479", "unit_price": "$9.58/ lb", "name": "LAND O LAKES American Cheese Product White Deli Thin Sliced - apx 10 ct", "cnid": "3037", "productId": "154799", "size": "8 oz pkg"},
{"thumb": "http://i4.peapod.com/c/KK/KKNHZ.gif", "price": "479", "unit_price": "$9.58/ lb", "name": "LAND O LAKES American Cheese Product Yellow Deli Thin Sliced - apx 10 ct", "cnid": "3037", "productId": "131097", "size": "8 oz pkg"},
{"thumb": "http://i4.peapod.com/c/KK/KKNHZ.gif", "price": "499", "unit_price": "$9.98/ lb", "name": "Naturally Good Kosher Cheddar Cheese Sliced", "cnid": "3037", "productId": "186053", "size": "8 oz pkg"},
{"thumb": "http://i4.peapod.com/c/KK/KKNHZ.gif", "price": "499", "unit_price": "$9.98/ lb", "name": "Naturally Good Kosher Muenster Cheese Sliced", "cnid": "3037", "productId": "186050", "size": "8 oz pkg"},
{"thumb": "http://i4.peapod.com/c/KK/KKNHZ.gif", "price": "499", "unit_price": "$9.98/ lb", "name": "Naturally Good Kosher Pepper Jack Cheese Sliced", "cnid": "3037", "productId": "186051", "size": "8 oz pkg"},
{"thumb": "http://i4.peapod.com/c/KK/KKNHZ.gif", "price": "499", "unit_price": "$9.98/ lb", "name": "Naturally Good Kosher Provolone Cheese Sliced", "cnid": "3037", "productId": "186052", "size": "8 oz pkg"},
{"thumb": "http://i4.peapod.com/c/KK/KKNHZ.gif", "price": "479", "unit_price": "$10.89/ lb", "name": "Nature's Promise Naturals American Cheese White Thin Sliced", "cnid": "3037", "productId": "177915", "size": "7 oz pkg"},
{"thumb": "http://i4.peapod.com/c/KK/KKNHZ.gif", "price": "479", "unit_price": "$10.89/ lb", "name": "Nature's Promise Naturals Cheddar Cheese Mild Thin Sliced", "cnid": "3037", "productId": "177913", "size": "7 oz pkg"},
{"thumb": "http://i4.peapod.com/c/KK/KKNHZ.gif", "price": "479", "unit_price": "$10.89/ lb", "name": "Nature's Promise Naturals Muenster Cheese Thin Sliced", "cnid": "3037", "productId": "177914", "size": "7 oz pkg"},
{"thumb": "http://i4.peapod.com/c/KK/KKNHZ.gif", "price": "479", "unit_price": "$10.89/ lb", "name": "Nature's Promise Naturals Provolone Cheese Thin Sliced", "cnid": "3037", "productId": "186663", "size": "7 oz pkg"},
{"thumb": "http://i4.peapod.com/c/KK/KKNHZ.gif", "price": "479", "unit_price": "$10.89/ lb", "name": "Nature's Promise Naturals Swiss Cheese Thin Sliced", "cnid": "3037", "productId": "186664", "size": "7 oz pkg"},
{"thumb": "http://i4.peapod.com/c/KK/KKNHZ.gif", "price": "549", "unit_price": "$8.71/ lb", "name": "Nature's Promise Organics Cheddar Cheese Mild White", "cnid": "3037", "productId": "162025", "size": "10 oz bar"},
{"thumb": "http://i4.peapod.com/c/KK/KKNHZ.gif", "price": "379", "unit_price": "$9.97/ lb", "name": "Nature's Promise Organics Cheddar Cheese Sharp Shredded", "cnid": "3037", "productId": "148461", "size": "6 oz bag"},
{"thumb": "http://i4.peapod.com/c/KK/KKNHZ.gif", "price": "379", "unit_price": "$9.97/ lb", "name": "Nature's Promise Organics Mexican Cheese Blend Shredded", "cnid": "3037", "productId": "148458", "size": "6 oz bag"},
{"thumb": "http://i4.peapod.com/c/KK/KKNHZ.gif", "price": "379", "unit_price": "$9.97/ lb", "name": "Nature's Promise Organics Mozzarella Cheese Shredded", "cnid": "3037", "productId": "148460", "size": "6 oz bag"},
{"thumb": "http://i4.peapod.com/c/KK/KKNHZ.gif", "price": "379", "unit_price": "$9.97/ lb", "name": "Nature's Promise Organics Mozzarella String Cheese - 6 ct", "cnid": "3037", "productId": "159031", "size": "6 oz pkg"},
{"thumb": "http://i4.peapod.com/c/KK/KKNHZ.gif", "price": "300", "unit_price": "$7.89/ lb", "name": "Pastene Parmesan Cheese Imported Grated", "cnid": "3037", "productId": "161245", "size": "6 oz pkg"},
{"thumb": "http://i4.peapod.com/c/KK/KKNHZ.gif", "price": "549", "unit_price": "$9.80/ lb", "name": "Polly-O Mozzarella & Cheddar Cheese Twists 2% Milk - 12 ct", "cnid": "3037", "productId": "155865", "size": "9 oz pkg"},
{"thumb": "http://i4.peapod.com/c/KK/KKNHZ.gif", "price": "549", "unit_price": "$7.32/ lb", "name": "Polly-O Mozzarella String Cheese - 12 ct", "cnid": "3037", "productId": "64965", "size": "12 oz pkg"},
{"thumb": "http://i4.peapod.com/c/KK/KKNHZ.gif", "price": "549", "unit_price": "$7.32/ lb", "name": "Polly-O Mozzarella String Cheese 2% Milk - 12 ct", "cnid": "3037", "productId": "98705", "size": "12 oz pkg"},
{"thumb": "http://i4.peapod.com/c/KK/KKNHZ.gif", "price": "300", "unit_price": "$7.14/ lb", "name": "Sargento Cheddar Cheese Medium Reduced Fat Natural Sliced - 10 ct", "cnid": "3037", "productId": "157454", "size": "6.67 oz pkg"},
{"thumb": "http://i4.peapod.com/c/KK/KKNHZ.gif", "price": "299", "unit_price": "$5.98/ lb", "name": "Sargento Cheddar Cheese Mild Reduced Fat Shredded", "cnid": "3037", "productId": "6516", "size": "8 oz bag"},
{"thumb": "http://i4.peapod.com/c/KK/KKNHZ.gif", "price": "299", "unit_price": "$5.98/ lb", "name": "Sargento Cheddar Cheese Sharp Fancy Shredded", "cnid": "3037", "productId": "27400", "size": "8 oz bag"},
{"thumb": "http://i4.peapod.com/c/KK/KKNHZ.gif", "price": "699", "unit_price": "$6.99/ lb", "name": "Sargento Classic Mozzarella Cheese Part-Skim Chef Style Shredded Natural", "cnid": "3037", "productId": "6512", "size": "16 oz bag"},
{"thumb": "http://i4.peapod.com/c/KK/KKNHZ.gif", "price": "299", "unit_price": "$5.98/ lb", "name": "Sargento Classic Mozzarella Cheese Part-Skim Fancy Shredded Natural", "cnid": "3037", "productId": "172321", "size": "8 oz bag"},
{"thumb": "http://i4.peapod.com/c/KK/KKNHZ.gif", "price": "479", "unit_price": "$8.55/ lb", "name": "Sargento Colby Jack Cheese Reduced Fat Sticks - 12 ct", "cnid": "3037", "productId": "151471", "size": "9 oz pkg"},
{"thumb": "http://i4.peapod.com/c/KK/KKNHZ.gif", "price": "300", "unit_price": "$6.82/ lb", "name": "Sargento Deli Style Aged Swiss Cheese Thin Sliced - 11 ct", "cnid": "3037", "productId": "137270", "size": "7 oz pkg"},
{"thumb": "http://i4.peapod.com/c/KK/KKNHZ.gif", "price": "300", "unit_price": "$7.14/ lb", "name": "Sargento Deli Style Provolone Cheese Smoke Reduced Fat Thin Sliced - 10 ct", "cnid": "3037", "productId": "67935", "size": "6.67 oz pkg"},
{"thumb": "http://i4.peapod.com/c/KK/KKNHZ.gif", "price": "300", "unit_price": "$7.14/ lb", "name": "Sargento Deli Style Swiss Cheese Reduced Fat Thin Sliced - 9 ct", "cnid": "3037", "productId": "14660", "size": "6.67 oz pkg"},
{"thumb": "http://i4.peapod.com/c/KK/KKNHZ.gif", "price": "299", "unit_price": "$5.98/ lb", "name": "Sargento Italian 4 Cheese Blend Reduced Fat Shredded", "cnid": "3037", "productId": "68011", "size": "8 oz bag"},
{"thumb": "http://i4.peapod.com/c/KK/KKNHZ.gif", "price": "299", "unit_price": "$5.98/ lb", "name": "Sargento Italian 6 Cheese Blend Shredded", "cnid": "3037", "productId": "24672", "size": "8 oz bag"},
{"thumb": "http://i4.peapod.com/c/KK/KKNHZ.gif", "price": "299", "unit_price": "$5.98/ lb", "name": "Sargento Mexican 4 Cheese Blend Reduced Fat Fancy Shredded", "cnid": "3037", "productId": "61675", "size": "8 oz bag"},
{"thumb": "http://i4.peapod.com/c/KK/KKNHZ.gif", "price": "299", "unit_price": "$5.98/ lb", "name": "Sargento Mexican 4 Cheese Blend Shredded", "cnid": "3037", "productId": "24671", "size": "8 oz bag"},
{"thumb": "http://i4.peapod.com/c/KK/KKNHZ.gif", "price": "299", "unit_price": "$5.98/ lb", "name": "Sargento Mozzarella Cheese Reduced Fat Low Moisture Shredded Natural", "cnid": "3037", "productId": "6517", "size": "8 oz bag"},
{"thumb": "http://i4.peapod.com/c/KK/KKNHZ.gif", "price": "299", "unit_price": "$5.98/ lb", "name": "Sargento Mozzarella Cheese Whole Milk Shredded", "cnid": "3037", "productId": "148334", "size": "8 oz bag"},
{"thumb": "http://i4.peapod.com/c/KK/KKNHZ.gif", "price": "699", "unit_price": "$6.99/ lb", "name": "Sargento Off the Block Mexican 4 Cheese Blend Shredded Fine Cut", "cnid": "3037", "productId": "128225", "size": "16 oz bag"},
{"thumb": "http://i4.peapod.com/c/KK/KKNHZ.gif", "price": "359", "unit_price": "$7.18/ lb", "name": "Smart Beat Cheddar Cheese Non-Dairy Fat Free Slices - 12 ct", "cnid": "3037", "productId": "127612", "size": "8 oz pkg"},
{"thumb": "http://i4.peapod.com/c/KK/KKNHZ.gif", "price": "649", "unit_price": "$3.24/ lb", "name": "Sorrento Deli Style Ricotta Cheese Whole Milk", "cnid": "3037", "productId": "34558", "size": "32 oz tub"},
{"thumb": "http://i4.peapod.com/c/KK/KKNHZ.gif", "price": "649", "unit_price": "$3.24/ lb", "name": "Sorrento Ricotta Cheese Fat Free", "cnid": "3037", "productId": "71293", "size": "32 oz tub"},
{"thumb": "http://i4.peapod.com/c/KK/KKNHZ.gif", "price": "329", "unit_price": "$6.58/ lb", "name": "Stop & Shop 3 Cheese Blend Cheese Finely Shredded Natural", "cnid": "3037", "productId": "159243", "size": "8 oz bag"},
{"thumb": "http://i4.peapod.com/c/KK/KKNHZ.gif", "price": "329", "unit_price": "$6.58/ lb", "name": "Stop & Shop 4 Cheese Mexican Blend Cheese Finely Shredded Natural", "cnid": "3037", "productId": "89638", "size": "8 oz bag"},
{"thumb": "http://i4.peapod.com/c/KK/KKNHZ.gif", "price": "979", "unit_price": "$4.89/ lb", "name": "Stop & Shop 4 Cheese Mexican Blend Cheese Finely Shredded Natural", "cnid": "3037", "productId": "163106", "size": "32 oz bag"},
{"thumb": "http://i4.peapod.com/c/KK/KKNHZ.gif", "price": "329", "unit_price": "$6.58/ lb", "name": "Stop & Shop 6 Cheese Italian Blend Cheese Finely Shredded Natural", "cnid": "3037", "productId": "159241", "size": "8 oz bag"},
{"thumb": "http://i4.peapod.com/c/KK/KKNHZ.gif", "price": "439", "unit_price": "$4.39/ lb", "name": "Stop & Shop American Cheese Food Singles - 24 ct", "cnid": "3037", "productId": "72344", "size": "16 oz pkg"},
{"thumb": "http://i4.peapod.com/c/KK/KKNHZ.gif", "price": "359", "unit_price": "$4.79/ lb", "name": "Stop & Shop American Cheese Food White Fat Free Singles - 16 ct", "cnid": "3037", "productId": "161867", "size": "12 oz pkg"},
{"thumb": "http://i4.peapod.com/c/KK/KKNHZ.gif", "price": "439", "unit_price": "$4.39/ lb", "name": "Stop & Shop American Cheese Food White Singles - 24 ct", "cnid": "3037", "productId": "84604", "size": "16 oz pkg"},
{"thumb": "http://i4.peapod.com/c/KK/KKNHZ.gif", "price": "359", "unit_price": "$4.79/ lb", "name": "Stop & Shop American Cheese Food Yellow 2% Milk Reduced Fat Singles-16 ct", "cnid": "3037", "productId": "163098", "size": "12 oz pkg"},
{"thumb": "http://i4.peapod.com/c/KK/KKNHZ.gif", "price": "359", "unit_price": "$4.79/ lb", "name": "Stop & Shop American Cheese Food Yellow Fat Free Singles - 16 ct", "cnid": "3037", "productId": "163107", "size": "12 oz pkg"},
{"thumb": "http://i4.peapod.com/c/KK/KKNHZ.gif", "price": "649", "unit_price": "$6.49/ lb", "name": "Stop & Shop American Cheese White Sliced", "cnid": "3037", "productId": "139798", "size": "16 oz pkg"},
{"thumb": "http://i4.peapod.com/c/KK/KKNHZ.gif", "price": "499", "unit_price": "$9.99/ lb", "name": "Stop & Shop Asiago Cheese Shredded", "cnid": "3037", "productId": "158750", "size": "apx 1/2 lb"},
{"thumb": "http://i4.peapod.com/c/KK/KKNHZ.gif", "price": "449", "unit_price": "$8.99/ lb", "name": "Stop & Shop Asiago Cheese Wedge", "cnid": "3037", "productId": "186035", "size": "apx 1/2 lb"},
{"thumb": "http://i4.peapod.com/c/KK/KKNHZ.gif", "price": "329", "unit_price": "$5.22/ lb", "name": "Stop & Shop Cheddar Cheese Extra Sharp Cracker Cuts", "cnid": "3037", "productId": "162408", "size": "10 oz pkg"},
{"thumb": "http://i4.peapod.com/c/KK/KKNHZ.gif", "price": "329", "unit_price": "$6.58/ lb", "name": "Stop & Shop Cheddar Cheese Mild Finely Shredded Natural", "cnid": "3037", "productId": "89641", "size": "8 oz bag"},
{"thumb": "http://i4.peapod.com/c/KK/KKNHZ.gif", "price": "329", "unit_price": "$6.58/ lb", "name": "Stop & Shop Cheddar Cheese Mild Shredded Natural", "cnid": "3037", "productId": "57841", "size": "8 oz bag"},
{"thumb": "http://i4.peapod.com/c/KK/KKNHZ.gif", "price": "979", "unit_price": "$4.89/ lb", "name": "Stop & Shop Cheddar Cheese Mild Shredded Natural", "cnid": "3037", "productId": "159246", "size": "32 oz bag"},
{"thumb": "http://i4.peapod.com/c/KK/KKNHZ.gif", "price": "599", "unit_price": "$5.99/ lb", "name": "Stop & Shop Cheddar Cheese Mild Shredded Natural", "cnid": "3037", "productId": "154573", "size": "16 oz bag"},
{"thumb": "http://i4.peapod.com/c/KK/KKNHZ.gif", "price": "589", "unit_price": "$5.89/ lb", "name": "Stop & Shop Cheddar Cheese Mild Yellow Chunk Natural", "cnid": "3037", "productId": "163100", "size": "16 oz bar"},
{"thumb": "http://i4.peapod.com/c/KK/KKNHZ.gif", "price": "759", "unit_price": "$5.06/ lb", "name": "Stop & Shop Cheddar Cheese New York Extra Sharp White Chunk Natural", "cnid": "3037", "productId": "167563", "size": "24 oz bar"},
{"thumb": "http://i4.peapod.com/c/KK/KKNHZ.gif", "price": "329", "unit_price": "$5.22/ lb", "name": "Stop & Shop Cheddar Cheese Reserve Cracker Cuts", "cnid": "3037", "productId": "162406", "size": "10 oz pkg"},
{"thumb": "http://i4.peapod.com/c/KK/KKNHZ.gif", "price": "329", "unit_price": "$5.22/ lb", "name": "Stop & Shop Cheddar Cheese Sharp Cracker Cuts", "cnid": "3037", "productId": "162407", "size": "10 oz pkg"},
{"thumb": "http://i4.peapod.com/c/KK/KKNHZ.gif", "price": "329", "unit_price": "$6.58/ lb", "name": "Stop & Shop Cheddar Cheese Sharp Finely Shredded Natural", "cnid": "3037", "productId": "155304", "size": "8 oz bag"},
{"thumb": "http://i4.peapod.com/c/KK/KKNHZ.gif", "price": "299", "unit_price": "$5.98/ lb", "name": "Stop & Shop Cheddar Cheese Vermont Sharp White Chunk Natural", "cnid": "3037", "productId": "81157", "size": "8 oz bar"},
{"thumb": "http://i4.peapod.com/c/KK/KKNHZ.gif", "price": "589", "unit_price": "$5.89/ lb", "name": "Stop & Shop Colby Cheese Longhorn Style Chunk Natural", "cnid": "3037", "productId": "160898", "size": "16 oz pkg"},
{"thumb": "http://i4.peapod.com/c/KK/KKNHZ.gif", "price": "219", "unit_price": "$8.76/ lb", "name": "Stop & Shop Feta Cheese Crumbled", "cnid": "3037", "productId": "163104", "size": "4 oz tub"},
{"thumb": "http://i4.peapod.com/c/KK/KKNHZ.gif", "price": "329", "unit_price": "$6.58/ lb", "name": "Stop & Shop Mexican Cheese Blend Reduced Fat Finely Shredded Natural", "cnid": "3037", "productId": "159250", "size": "8 oz bag"},
{"thumb": "http://i4.peapod.com/c/KK/KKNHZ.gif", "price": "589", "unit_price": "$5.89/ lb", "name": "Stop & Shop Monterey Jack Cheese Chunk Natural", "cnid": "3037", "productId": "159245", "size": "16 oz bar"},
{"thumb": "http://i4.peapod.com/c/KK/KKNHZ.gif", "price": "299", "unit_price": "$5.98/ lb", "name": "Stop & Shop Monterey Jack Cheese Chunk Natural", "cnid": "3037", "productId": "81165", "size": "8 oz bar"},
{"thumb": "http://i4.peapod.com/c/KK/KKNHZ.gif", "price": "329", "unit_price": "$6.58/ lb", "name": "Stop & Shop Monterey Jack Cheese Finely Shredded Natural", "cnid": "3037", "productId": "159244", "size": "8 oz bag"},
{"thumb": "http://i4.peapod.com/c/KK/KKNHZ.gif", "price": "329", "unit_price": "$6.58/ lb", "name": "Stop & Shop Mozzarella Cheese Deli Style Natural Sliced - 10 ct", "cnid": "3037", "productId": "159253", "size": "8 oz pkg"},
{"thumb": "http://i4.peapod.com/c/KK/KKNHZ.gif", "price": "499", "unit_price": "$4.99/ lb", "name": "Stop & Shop Mozzarella Cheese Part Skim Chunk All Natural", "cnid": "3037", "productId": "57615", "size": "16 oz pkg"},
{"thumb": "http://i4.peapod.com/c/KK/KKNHZ.gif", "price": "329", "unit_price": "$6.58/ lb", "name": "Stop & Shop Mozzarella Cheese Part Skim Finely Shredded Natural", "cnid": "3037", "productId": "89637", "size": "8 oz bag"},
{"thumb": "http://i4.peapod.com/c/KK/KKNHZ.gif", "price": "979", "unit_price": "$4.89/ lb", "name": "Stop & Shop Mozzarella Cheese Shredded Natural", "cnid": "3037", "productId": "154575", "size": "32 oz bag"},
{"thumb": "http://i4.peapod.com/c/KK/KKNHZ.gif", "price": "599", "unit_price": "$5.99/ lb", "name": "Stop & Shop Mozzarella Cheese Shredded Natural", "cnid": "3037", "productId": "57850", "size": "16 oz bag"},
{"thumb": "http://i4.peapod.com/c/KK/KKNHZ.gif", "price": "329", "unit_price": "$6.58/ lb", "name": "Stop & Shop Mozzarella Cheese Shredded Natural", "cnid": "3037", "productId": "57837", "size": "8 oz bag"},
{"thumb": "http://i4.peapod.com/c/KK/KKNHZ.gif", "price": "499", "unit_price": "$5.31/ lb", "name": "Stop & Shop Mozzarella Cheese Whole Milk Chunk All Natural", "cnid": "3037", "productId": "57616", "size": "15 oz pkg"},
{"thumb": "http://i4.peapod.com/c/KK/KKNHZ.gif", "price": "629", "unit_price": "$4.19/ lb", "name": "Stop & Shop Mozzarella String Cheese Low Moisture Part Skim - 24 ct", "cnid": "3037", "productId": "148337", "size": "24 oz pkg"},
{"thumb": "http://i4.peapod.com/c/KK/KKNHZ.gif", "price": "629", "unit_price": "$4.19/ lb", "name": "Stop & Shop Mozzarella String Cheese Reduced Fat - 24 ct", "cnid": "3037", "productId": "148338", "size": "24 oz pkg"},
{"thumb": "http://i4.peapod.com/c/KK/KKNHZ.gif", "price": "329", "unit_price": "$6.58/ lb", "name": "Stop & Shop Muenster Cheese Sliced - 10 ct", "cnid": "3037", "productId": "144022", "size": "8 oz pkg"},
{"thumb": "http://i4.peapod.com/c/KK/KKNHZ.gif", "price": "329", "unit_price": "$8.66/ lb", "name": "Stop & Shop Parmesan Cheese Finely Shredded Natural", "cnid": "3037", "productId": "159242", "size": "6 oz bag"},
{"thumb": "http://i4.peapod.com/c/KK/KKNHZ.gif", "price": "299", "unit_price": "$5.98/ lb", "name": "Stop & Shop Parmesan Cheese Grated", "cnid": "3037", "productId": "56496", "size": "8 oz can"},
{"thumb": "http://i4.peapod.com/c/KK/KKNHZ.gif", "price": "449", "unit_price": "$4.49/ lb", "name": "Stop & Shop Parmesan Cheese Grated", "cnid": "3037", "productId": "56499", "size": "16 oz can"},
{"thumb": "http://i4.peapod.com/c/KK/KKNHZ.gif", "price": "499", "unit_price": "$7.92/ lb", "name": "Stop & Shop Pepper Jack Cheese Chunk", "cnid": "3037", "productId": "158720", "size": "10 oz bar"},
{"thumb": "http://i4.peapod.com/c/KK/KKNHZ.gif", "price": "589", "unit_price": "$5.89/ lb", "name": "Stop & Shop Pepper Jack Cheese Chunk Natural", "cnid": "3037", "productId": "163101", "size": "16 oz bar"},
{"thumb": "http://i4.peapod.com/c/KK/KKNHZ.gif", "price": "299", "unit_price": "$5.98/ lb", "name": "Stop & Shop Pepper Jack Cheese Chunk Natural", "cnid": "3037", "productId": "148344", "size": "8 oz bar"},
{"thumb": "http://i4.peapod.com/c/KK/KKNHZ.gif", "price": "329", "unit_price": "$5.22/ lb", "name": "Stop & Shop Pepper Jack Cheese Cracker Cuts", "cnid": "3037", "productId": "162405", "size": "10 oz pkg"},
{"thumb": "http://i4.peapod.com/c/KK/KKNHZ.gif", "price": "329", "unit_price": "$6.58/ lb", "name": "Stop & Shop Provolone Cheese Sliced - 10 ct", "cnid": "3037", "productId": "57853", "size": "8 oz pkg"},
{"thumb": "http://i4.peapod.com/c/KK/KKNHZ.gif", "price": "439", "unit_price": "$2.19/ lb", "name": "Stop & Shop Ricotta Cheese Part-Skim", "cnid": "3037", "productId": "57619", "size": "32 oz tub"},
{"thumb": "http://i4.peapod.com/c/KK/KKNHZ.gif", "price": "299", "unit_price": "$3.18/ lb", "name": "Stop & Shop Ricotta Cheese Part-Skim All Natural", "cnid": "3037", "productId": "57620", "size": "15 oz tub"},
{"thumb": "http://i4.peapod.com/c/KK/KKNHZ.gif", "price": "439", "unit_price": "$2.19/ lb", "name": "Stop & Shop Ricotta Cheese Whole Milk", "cnid": "3037", "productId": "57621", "size": "32 oz tub"},
{"thumb": "http://i4.peapod.com/c/KK/KKNHZ.gif", "price": "439", "unit_price": "$4.39/ lb", "name": "Stop & Shop String Cheese - 16 ct", "cnid": "3037", "productId": "117805", "size": "16 oz pkg"},
{"thumb": "http://i4.peapod.com/c/KK/KKNHZ.gif", "price": "439", "unit_price": "$4.39/ lb", "name": "Stop & Shop String Cheese Reduced Fat All Natural - 16 ct", "cnid": "3037", "productId": "190662", "size": "16 oz bag"},
{"thumb": "http://i4.peapod.com/c/KK/KKNHZ.gif", "price": "589", "unit_price": "$5.89/ lb", "name": "Stop & Shop Swiss Cheese Chunk Natural", "cnid": "3037", "productId": "136245", "size": "16 oz bar"},
{"thumb": "http://i4.peapod.com/c/KK/KKNHZ.gif", "price": "329", "unit_price": "$6.58/ lb", "name": "Stop & Shop Swiss Cheese Deli Style Natural Sliced - 10 ct", "cnid": "3037", "productId": "57852", "size": "8 oz pkg"},
{"thumb": "http://i4.peapod.com/c/KK/KKNHZ.gif", "price": "329", "unit_price": "$8.66/ lb", "name": "Stop & Shop Swiss Cheese Finely Shredded Natural", "cnid": "3037", "productId": "173472", "size": "6 oz bag"},
{"thumb": "http://i4.peapod.com/c/KK/KKNHZ.gif", "price": "329", "unit_price": "$6.58/ lb", "name": "Stop & Shop Taco Cheese Blend Shredded", "cnid": "3037", "productId": "128863", "size": "8 oz bag"},
{"thumb": "http://i4.peapod.com/c/KK/KKNHZ.gif", "price": "299", "unit_price": "$5.98/ lb", "name": "Stop & Shop Topping Fat Free Grated", "cnid": "3037", "productId": "127483", "size": "8 oz can"},
{"thumb": "http://i4.peapod.com/c/KK/KKNHZ.gif", "price": "479", "unit_price": "$7.60/ lb", "name": "Weight Watchers Mozzarella String Cheese Light - 12 ct", "cnid": "3037", "productId": "156758", "size": "10 oz pkg"},
{"thumb": "http://i4.peapod.com/c/KK/KKNHZ.gif", "price": "849", "unit_price": "$16.99/ lb", "name": "Wensleydale Creamery Yorkshire Wensleydale Cheese with Cranberries Chunk", "cnid": "3037", "productId": "144003", "size": "apx 1/2 lb"},
{"thumb": "http://i4.peapod.com/c/KK/KKNHZ.gif", "price": "333", "unit_price": "$.28/ oz", "name": "Oscar Mayer Lunchables Cracker Combos Ham + American", "cnid": "956", "productId": "156277", "size": "12.1 oz pkg"},
{"thumb": "http://i4.peapod.com/c/KK/KKNHZ.gif", "price": "300", "unit_price": "$.34/ oz", "name": "Oscar Mayer Lunchables Cracker Stackers Bologna + American with Capri Sun", "cnid": "956", "productId": "155785", "size": "8.8 oz pkg"},
{"thumb": "http://i4.peapod.com/c/KK/KKNHZ.gif", "price": "300", "unit_price": "$.33/ oz", "name": "Oscar Mayer Lunchables Cracker Stackers Ham + American with Capri Sun", "cnid": "956", "productId": "155456", "size": "9.1 oz pkg"},
{"thumb": "http://i4.peapod.com/c/KK/KKNHZ.gif", "price": "300", "unit_price": "$.27/ oz", "name": "Oscar Mayer Lunchables Cracker Stackers Ham + Cheddar Low Fat w/Capri Sun", "cnid": "956", "productId": "155784", "size": "11.1 oz pkg"},
{"thumb": "http://i4.peapod.com/c/KK/KKNHZ.gif", "price": "189", "unit_price": "$.61/ oz", "name": "Oscar Mayer Lunchables Cracker Stackers Light Bologna + American", "cnid": "956", "productId": "79648", "size": "3.1 oz pkg"},
{"thumb": "http://i4.peapod.com/c/KK/KKNHZ.gif", "price": "300", "unit_price": "$.34/ oz", "name": "Oscar Mayer Lunchables Cracker Stackers Turkey/Cheddar Low Fat w/Capri Sun", "cnid": "956", "productId": "155458", "size": "8.9 oz pkg"},
{"thumb": "http://i4.peapod.com/c/KK/KKNHZ.gif", "price": "189", "unit_price": "$.56/ oz", "name": "Oscar Mayer Lunchables Cracker Stackers Turkey + American", "cnid": "956", "productId": "76991", "size": "3.4 oz pkg"},
{"thumb": "http://i4.peapod.com/c/KK/KKNHZ.gif", "price": "300", "unit_price": "$.31/ oz", "name": "Oscar Mayer Lunchables Cracker Stackers Turkey + American with Capri Sun", "cnid": "956", "productId": "155457", "size": "9.7 oz pkg"},
{"thumb": "http://i4.peapod.com/c/KK/KKNHZ.gif", "price": "189", "unit_price": "$.59/ oz", "name": "Oscar Mayer Lunchables Cracker Stackers Turkey + Cheddar", "cnid": "956", "productId": "6376", "size": "3.2 oz pkg"},
{"thumb": "http://i4.peapod.com/c/KK/KKNHZ.gif", "price": "333", "unit_price": "$.29/ oz", "name": "Oscar Mayer Lunchables Deep Dish Pizza Pepperoni", "cnid": "956", "productId": "156286", "size": "11.4 oz pkg"},
{"thumb": "http://i4.peapod.com/c/KK/KKNHZ.gif", "price": "189", "unit_price": "$.54/ oz", "name": "Oscar Mayer Lunchables Ham & Cheddar with Vanilla Creme Cookies", "cnid": "956", "productId": "80749", "size": "3.5 oz pkg"},
{"thumb": "http://i4.peapod.com/c/KK/KKNHZ.gif", "price": "189", "unit_price": "$.59/ oz", "name": "Oscar Mayer Lunchables Ham + Swiss with Crackers", "cnid": "956", "productId": "6375", "size": "3.2 oz pkg"},
{"thumb": "http://i4.peapod.com/c/KK/KKNHZ.gif", "price": "189", "unit_price": "$.43/ oz", "name": "Oscar Mayer Lunchables Nachos Cheese Dip + Salsa", "cnid": "956", "productId": "83512", "size": "4.4 oz pkg"},
{"thumb": "http://i4.peapod.com/c/KK/KKNHZ.gif", "price": "300", "unit_price": "$.28/ oz", "name": "Oscar Mayer Lunchables Nachos Cheese Dip + Salsa with Capri Sun", "cnid": "956", "productId": "155780", "size": "10.7 oz pkg"},
{"thumb": "http://i4.peapod.com/c/KK/KKNHZ.gif", "price": "189", "unit_price": "$.45/ oz", "name": "Oscar Mayer Lunchables Pizza Extra Cheesy", "cnid": "956", "productId": "47534", "size": "4.2 oz pkg"},
{"thumb": "http://i4.peapod.com/c/KK/KKNHZ.gif", "price": "300", "unit_price": "$.28/ oz", "name": "Oscar Mayer Lunchables Pizza Extra Cheesy with Capri Sun", "cnid": "956", "productId": "155459", "size": "10.6 oz pkg"},
{"thumb": "http://i4.peapod.com/c/KK/KKNHZ.gif", "price": "189", "unit_price": "$.44/ oz", "name": "Oscar Mayer Lunchables Pizza Pepperoni", "cnid": "956", "productId": "47533", "size": "4.3 oz pkg"},
{"thumb": "http://i4.peapod.com/c/KK/KKNHZ.gif", "price": "300", "unit_price": "$.28/ oz", "name": "Oscar Mayer Lunchables Pizza Pepperoni with Capri Sun", "cnid": "956", "productId": "155787", "size": "10.7 oz pkg"},
{"thumb": "http://i4.peapod.com/c/KK/KKNHZ.gif", "price": "333", "unit_price": "$.26/ oz", "name": "Oscar Mayer Lunchables Sub Sandwich Ham + American", "cnid": "956", "productId": "156287", "size": "13 oz pkg"},
{"thumb": "http://i4.peapod.com/c/KK/KKNHZ.gif", "price": "333", "unit_price": "$.23/ oz", "name": "Oscar Mayer Lunchables Sub Sandwich Turkey + Cheddar with Kool-Aid", "cnid": "956", "productId": "159348", "size": "14.6 oz pkg"},
{"thumb": "http://i4.peapod.com/c/KK/KKNHZ.gif", "price": "489", "unit_price": "$9.79/ lb", "name": "Boar's Head Bold Deli Chicken Breast Chipotle Savory (Regular Sliced)", "cnid": "937", "productId": "191198", "size": "apx 1/2 lb"},
{"thumb": "http://i4.peapod.com/c/KK/KKNHZ.gif", "price": "489", "unit_price": "$9.79/ lb", "name": "Boar's Head Bold Deli Chicken Breast Chipotle Savory (Thin Sliced)", "cnid": "937", "productId": "186821", "size": "apx 1/2 lb"},
{"thumb": "http://i4.peapod.com/c/KK/KKNHZ.gif", "price": "499", "unit_price": "$9.99/ lb", "name": "Boar's Head Bold Deli Turkey Breast Jerk Spicy (Regular Sliced)", "cnid": "937", "productId": "191199", "size": "apx 1/2 lb"},
{"thumb": "http://i4.peapod.com/c/KK/KKNHZ.gif", "price": "499", "unit_price": "$9.99/ lb", "name": "Boar's Head Bold Deli Turkey Breast Jerk Spicy (Thin Sliced)", "cnid": "937", "productId": "186820", "size": "apx 1/2 lb"},
{"thumb": "http://i4.peapod.com/c/KK/KKNHZ.gif", "price": "380", "unit_price": "$7.59/ lb", "name": "Boar's Head Deli Bologna Beef (Regular Sliced)", "cnid": "937", "productId": "100009", "size": "apx 1/2 lb"},
{"thumb": "http://i4.peapod.com/c/KK/KKNHZ.gif", "price": "380", "unit_price": "$7.59/ lb", "name": "Boar's Head Deli Bologna Beef (Thin Sliced)", "cnid": "937", "productId": "100010", "size": "apx 1/2 lb"},
{"thumb": "http://i4.peapod.com/c/KK/KKNHZ.gif", "price": "314", "unit_price": "$6.29/ lb", "name": "Boar's Head Deli Bologna Half (Regular Sliced)", "cnid": "937", "productId": "98051", "size": "apx 1/2 lb"},
{"thumb": "http://i4.peapod.com/c/KK/KKNHZ.gif", "price": "314", "unit_price": "$6.29/ lb", "name": "Boar's Head Deli Bologna Half (Thin Sliced)", "cnid": "937", "productId": "98197", "size": "apx 1/2 lb"},
{"thumb": "http://i4.peapod.com/c/KK/KKNHZ.gif", "price": "330", "unit_price": "$6.59/ lb", "name": "Boar's Head Deli Bologna Lower Sodium (Regular Sliced)", "cnid": "937", "productId": "116493", "size": "apx 1/2 lb"},
{"thumb": "http://i4.peapod.com/c/KK/KKNHZ.gif", "price": "330", "unit_price": "$6.59/ lb", "name": "Boar's Head Deli Bologna Lower Sodium (Thin Sliced)", "cnid": "937", "productId": "116494", "size": "apx 1/2 lb"},
{"thumb": "http://i4.peapod.com/c/KK/KKNHZ.gif", "price": "314", "unit_price": "$6.29/ lb", "name": "Boar's Head Deli Bologna Thick (Regular Sliced)", "cnid": "937", "productId": "116489", "size": "apx 1/2 lb"},
{"thumb": "http://i4.peapod.com/c/KK/KKNHZ.gif", "price": "314", "unit_price": "$6.29/ lb", "name": "Boar's Head Deli Bologna Thick (Thin Sliced)", "cnid": "937", "productId": "116490", "size": "apx 1/2 lb"},
{"thumb": "http://i4.peapod.com/c/KK/KKNHZ.gif", "price": "449", "unit_price": "$8.99/ lb", "name": "Boar's Head Deli Capicola Sweet (Regular Sliced)", "cnid": "937", "productId": "100039", "size": "apx 1/2 lb"},
{"thumb": "http://i4.peapod.com/c/KK/KKNHZ.gif", "price": "449", "unit_price": "$8.99/ lb", "name": "Boar's Head Deli Capicola Sweet (Thin Sliced)", "cnid": "937", "productId": "100040", "size": "apx 1/2 lb"},
{"thumb": "http://i4.peapod.com/c/KK/KKNHZ.gif", "price": "499", "unit_price": "$9.99/ lb", "name": "Boar's Head Deli Chicken Breast All American BBQ (Regular Sliced)", "cnid": "937", "productId": "154825", "size": "apx 1/2 lb"},
{"thumb": "http://i4.peapod.com/c/KK/KKNHZ.gif", "price": "499", "unit_price": "$9.99/ lb", "name": "Boar's Head Deli Chicken Breast All American BBQ (Thin Sliced)", "cnid": "937", "productId": "157754", "size": "apx 1/2 lb"},
{"thumb": "http://i4.peapod.com/c/KK/KKNHZ.gif", "price": "499", "unit_price": "$9.99/ lb", "name": "Boar's Head Deli Chicken Breast BBQ Sauce Basted (Regular Sliced)", "cnid": "937", "productId": "116485", "size": "apx 1/2 lb"},
{"thumb": "http://i4.peapod.com/c/KK/KKNHZ.gif", "price": "499", "unit_price": "$9.99/ lb", "name": "Boar's Head Deli Chicken Breast BBQ Sauce Basted (Thin Sliced)", "cnid": "937", "productId": "116486", "size": "apx 1/2 lb"},
{"thumb": "http://i4.peapod.com/c/KK/KKNHZ.gif", "price": "499", "unit_price": "$9.99/ lb", "name": "Boar's Head Deli Chicken Breast Blazing Buffalo Roasted (Regular Sliced)", "cnid": "937", "productId": "132384", "size": "apx 1/2 lb"},
{"thumb": "http://i4.peapod.com/c/KK/KKNHZ.gif", "price": "499", "unit_price": "$9.99/ lb", "name": "Boar's Head Deli Chicken Breast Blazing Buffalo Roasted (Thin Sliced)", "cnid": "937", "productId": "148355", "size": "apx 1/2 lb"},
{"thumb": "http://i4.peapod.com/c/KK/KKNHZ.gif", "price": "499", "unit_price": "$9.99/ lb", "name": "Boar's Head Deli Chicken Breast EverRoast Oven Roasted (Regular Sliced)", "cnid": "937", "productId": "156175", "size": "apx 1/2 lb"},
{"thumb": "http://i4.peapod.com/c/KK/KKNHZ.gif", "price": "499", "unit_price": "$9.99/ lb", "name": "Boar's Head Deli Chicken Breast EverRoast Oven Roasted (Thin Sliced)", "cnid": "937", "productId": "156084", "size": "apx 1/2 lb"},
{"thumb": "http://i4.peapod.com/c/KK/KKNHZ.gif", "price": "499", "unit_price": "$9.99/ lb", "name": "Boar's Head Deli Chicken Breast Lemon Pepper (Regular Sliced)", "cnid": "937", "productId": "143251", "size": "apx 1/2 lb"},
{"thumb": "http://i4.peapod.com/c/KK/KKNHZ.gif", "price": "499", "unit_price": "$9.99/ lb", "name": "Boar's Head Deli Chicken Breast Lemon Pepper (Thin Sliced)", "cnid": "937", "productId": "143391", "size": "apx 1/2 lb"},
{"thumb": "http://i4.peapod.com/c/KK/KKNHZ.gif", "price": "499", "unit_price": "$9.99/ lb", "name": "Boar's Head Deli Chicken Breast Lower Sodium (Regular Sliced)", "cnid": "937", "productId": "98062", "size": "apx 1/2 lb"},
{"thumb": "http://i4.peapod.com/c/KK/KKNHZ.gif", "price": "499", "unit_price": "$9.99/ lb", "name": "Boar's Head Deli Chicken Breast Lower Sodium (Thin Sliced)", "cnid": "937", "productId": "98198", "size": "apx 1/2 lb"},
{"thumb": "http://i4.peapod.com/c/KK/KKNHZ.gif", "price": "499", "unit_price": "$9.99/ lb", "name": "Boar's Head Deli Chicken Breast Maple Glazed (Regular Sliced)", "cnid": "937", "productId": "151310", "size": "apx 1/2 lb"},
{"thumb": "http://i4.peapod.com/c/KK/KKNHZ.gif", "price": "499", "unit_price": "$9.99/ lb", "name": "Boar's Head Deli Chicken Breast Maple Glazed (Thin Sliced)", "cnid": "937", "productId": "157757", "size": "apx 1/2 lb"},
{"thumb": "http://i4.peapod.com/c/KK/KKNHZ.gif", "price": "499", "unit_price": "$9.99/ lb", "name": "Boar's Head Deli Chicken Breast Rotisserie Seasoned (Regular Sliced)", "cnid": "937", "productId": "154827", "size": "apx 1/2 lb"},
{"thumb": "http://i4.peapod.com/c/KK/KKNHZ.gif", "price": "499", "unit_price": "$9.99/ lb", "name": "Boar's Head Deli Chicken Breast Rotisserie Seasoned (Thin Sliced)", "cnid": "937", "productId": "154286", "size": "apx 1/2 lb"},
{"thumb": "http://i4.peapod.com/c/KK/KKNHZ.gif", "price": "649", "unit_price": "$12.99/ lb", "name": "Boar's Head Deli Corned Beef 1st Cut (Regular Sliced)", "cnid": "937", "productId": "100462", "size": "apx 1/2 lb"},
{"thumb": "http://i4.peapod.com/c/KK/KKNHZ.gif", "price": "649", "unit_price": "$12.99/ lb", "name": "Boar's Head Deli Corned Beef 1st Cut (Thin Sliced)", "cnid": "937", "productId": "100463", "size": "apx 1/2 lb"},
{"thumb": "http://i4.peapod.com/c/KK/KKNHZ.gif", "price": "599", "unit_price": "$11.99/ lb", "name": "Boar's Head Deli Corned Beef USDA Choice Top Round (Regular Sliced)", "cnid": "937", "productId": "98052", "size": "apx 1/2 lb"},
{"thumb": "http://i4.peapod.com/c/KK/KKNHZ.gif", "price": "599", "unit_price": "$11.99/ lb", "name": "Boar's Head Deli Corned Beef USDA Choice Top Round (Thin Sliced)", "cnid": "937", "productId": "98199", "size": "apx 1/2 lb"},
{"thumb": "http://i4.peapod.com/c/KK/KKNHZ.gif", "price": "499", "unit_price": "$9.99/ lb", "name": "Boar's Head Deli Ham Black Forest Smoked Lower Sodium (Regular Sliced)", "cnid": "937", "productId": "98053", "size": "apx 1/2 lb"},
{"thumb": "http://i4.peapod.com/c/KK/KKNHZ.gif", "price": "499", "unit_price": "$9.99/ lb", "name": "Boar's Head Deli Ham Black Forest Smoked Lower Sodium (Thin Sliced)", "cnid": "937", "productId": "98196", "size": "apx 1/2 lb"},
{"thumb": "http://i4.peapod.com/c/KK/KKNHZ.gif", "price": "499", "unit_price": "$9.99/ lb", "name": "Boar's Head Deli Ham Branded Deluxe (Regular Sliced)", "cnid": "937", "productId": "116543", "size": "apx 1/2 lb"},
{"thumb": "http://i4.peapod.com/c/KK/KKNHZ.gif", "price": "499", "unit_price": "$9.99/ lb", "name": "Boar's Head Deli Ham Branded Deluxe (Thin Sliced)", "cnid": "937", "productId": "116544", "size": "apx 1/2 lb"},
{"thumb": "http://i4.peapod.com/c/KK/KKNHZ.gif", "price": "399", "unit_price": "$7.99/ lb", "name": "Boar's Head Deli Ham Branded Deluxe Lower Sodium (Regular Sliced)", "cnid": "937", "productId": "100477", "size": "apx 1/2 lb"},
{"thumb": "http://i4.peapod.com/c/KK/KKNHZ.gif", "price": "399", "unit_price": "$7.99/ lb", "name": "Boar's Head Deli Ham Branded Deluxe Lower Sodium (Thin Sliced)", "cnid": "937", "productId": "100478", "size": "apx 1/2 lb"},
{"thumb": "http://i4.peapod.com/c/KK/KKNHZ.gif", "price": "499", "unit_price": "$9.99/ lb", "name": "Boar's Head Deli Ham Cappy (Regular Sliced)", "cnid": "937", "productId": "116553", "size": "apx 1/2 lb"},
{"thumb": "http://i4.peapod.com/c/KK/KKNHZ.gif", "price": "499", "unit_price": "$9.99/ lb", "name": "Boar's Head Deli Ham Cappy (Thin Sliced)", "cnid": "937", "productId": "116554", "size": "apx 1/2 lb"},
{"thumb": "http://i4.peapod.com/c/KK/KKNHZ.gif", "price": "499", "unit_price": "$9.99/ lb", "name": "Boar's Head Deli Ham Maple Glazed Honey Coat (Regular Sliced)", "cnid": "937", "productId": "100483", "size": "apx 1/2 lb"},
{"thumb": "http://i4.peapod.com/c/KK/KKNHZ.gif", "price": "499", "unit_price": "$9.99/ lb", "name": "Boar's Head Deli Ham Maple Glazed Honey Coat (Thin Sliced)", "cnid": "937", "productId": "100484", "size": "apx 1/2 lb"},
{"thumb": "http://i4.peapod.com/c/KK/KKNHZ.gif", "price": "489", "unit_price": "$9.79/ lb", "name": "Boar's Head Deli Ham Rosemary (Regular Sliced)", "cnid": "937", "productId": "116555", "size": "apx 1/2 lb"},
{"thumb": "http://i4.peapod.com/c/KK/KKNHZ.gif", "price": "489", "unit_price": "$9.79/ lb", "name": "Boar's Head Deli Ham Rosemary (Thin Sliced)", "cnid": "937", "productId": "116556", "size": "apx 1/2 lb"},
{"thumb": "http://i4.peapod.com/c/KK/KKNHZ.gif", "price": "499", "unit_price": "$9.99/ lb", "name": "Boar's Head Deli Ham Sliced Sweet (Regular Sliced)", "cnid": "937", "productId": "158742", "size": "apx 1/2 lb"},
{"thumb": "http://i4.peapod.com/c/KK/KKNHZ.gif", "price": "499", "unit_price": "$9.99/ lb", "name": "Boar's Head Deli Ham Sliced Sweet (Thin Sliced)", "cnid": "937", "productId": "158743", "size": "apx 1/2 lb"},
{"thumb": "http://i4.peapod.com/c/KK/KKNHZ.gif", "price": "499", "unit_price": "$9.99/ lb", "name": "Boar's Head Deli Ham Virginia (Regular Sliced)", "cnid": "937", "productId": "116549", "size": "apx 1/2 lb"},
{"thumb": "http://i4.peapod.com/c/KK/KKNHZ.gif", "price": "499", "unit_price": "$9.99/ lb", "name": "Boar's Head Deli Ham Virginia (Thin Sliced)", "cnid": "937", "productId": "116550", "size": "apx 1/2 lb"},
{"thumb": "http://i4.peapod.com/c/KK/KKNHZ.gif", "price": "449", "unit_price": "$8.99/ lb", "name": "Boar's Head Deli Hot Capocolla (Regular Sliced)", "cnid": "937", "productId": "100037", "size": "apx 1/2 lb"},
{"thumb": "http://i4.peapod.com/c/KK/KKNHZ.gif", "price": "449", "unit_price": "$8.99/ lb", "name": "Boar's Head Deli Hot Capocolla (Thin Sliced)", "cnid": "937", "productId": "100038", "size": "apx 1/2 lb"},
{"thumb": "http://i4.peapod.com/c/KK/KKNHZ.gif", "price": "299", "unit_price": "$5.99/ lb", "name": "Boar's Head Deli Liverwurst (Regular Sliced)", "cnid": "937", "productId": "100035", "size": "apx 1/2 lb"},
{"thumb": "http://i4.peapod.com/c/KK/KKNHZ.gif", "price": "299", "unit_price": "$5.99/ lb", "name": "Boar's Head Deli Liverwurst (Thin Sliced)", "cnid": "937", "productId": "100036", "size": "apx 1/2 lb"},
{"thumb": "http://i4.peapod.com/c/KK/KKNHZ.gif", "price": "314", "unit_price": "$6.29/ lb", "name": "Boar's Head Deli Liverwurst Lite (Regular Sliced)", "cnid": "937", "productId": "100033", "size": "apx 1/2 lb"},
{"thumb": "http://i4.peapod.com/c/KK/KKNHZ.gif", "price": "314", "unit_price": "$6.29/ lb", "name": "Boar's Head Deli Liverwurst Lite (Thin Sliced)", "cnid": "937", "productId": "100034", "size": "apx 1/2 lb"},
{"thumb": "http://i4.peapod.com/c/KK/KKNHZ.gif", "price": "364", "unit_price": "$7.29/ lb", "name": "Boar's Head Deli Mortadella (Regular Sliced)", "cnid": "937", "productId": "116503", "size": "apx 1/2 lb"},
{"thumb": "http://i4.peapod.com/c/KK/KKNHZ.gif", "price": "364", "unit_price": "$7.29/ lb", "name": "Boar's Head Deli Mortadella (Thin Sliced)", "cnid": "937", "productId": "157724", "size": "apx 1/2 lb"},
{"thumb": "http://i4.peapod.com/c/KK/KKNHZ.gif", "price": "330", "unit_price": "$6.59/ lb", "name": "Boar's Head Deli Olive Loaf (Regular Sliced)", "cnid": "937", "productId": "100458", "size": "apx 1/2 lb"},
{"thumb": "http://i4.peapod.com/c/KK/KKNHZ.gif", "price": "330", "unit_price": "$6.59/ lb", "name": "Boar's Head Deli Olive Loaf (Thin Sliced)", "cnid": "937", "productId": "100459", "size": "apx 1/2 lb"},
{"thumb": "http://i4.peapod.com/c/KK/KKNHZ.gif", "price": "287", "unit_price": "$11.49/ lb", "name": "Boar's Head Deli Pancetta (Regular Sliced)", "cnid": "937", "productId": "91716", "size": "apx 1/4 lb"},
{"thumb": "http://i4.peapod.com/c/KK/KKNHZ.gif", "price": "287", "unit_price": "$11.49/ lb", "name": "Boar's Head Deli Pancetta (Thin Sliced)", "cnid": "937", "productId": "157766", "size": "apx 1/4 lb"},
{"thumb": "http://i4.peapod.com/c/KK/KKNHZ.gif", "price": "649", "unit_price": "$12.99/ lb", "name": "Boar's Head Deli Pastrami Brisket 1st Cut (Regular Sliced)", "cnid": "937", "productId": "100029", "size": "apx 1/2 lb"},
{"thumb": "http://i4.peapod.com/c/KK/KKNHZ.gif", "price": "649", "unit_price": "$12.99/ lb", "name": "Boar's Head Deli Pastrami Brisket 1st Cut (Thin Sliced)", "cnid": "937", "productId": "100030", "size": "apx 1/2 lb"},
{"thumb": "http://i4.peapod.com/c/KK/KKNHZ.gif", "price": "599", "unit_price": "$11.99/ lb", "name": "Boar's Head Deli Pastrami Top Round (Regular Sliced)", "cnid": "937", "productId": "116506", "size": "apx 1/2 lb"},
{"thumb": "http://i4.peapod.com/c/KK/KKNHZ.gif", "price": "599", "unit_price": "$11.99/ lb", "name": "Boar's Head Deli Pastrami Top Round (Thin Sliced)", "cnid": "937", "productId": "116507", "size": "apx 1/2 lb"},
{"thumb": "http://i4.peapod.com/c/KK/KKNHZ.gif", "price": "439", "unit_price": "$8.79/ lb", "name": "Boar's Head Deli Pepperoni Sandwich Style (Regular Sliced)", "cnid": "937", "productId": "124211", "size": "apx 1/2 lb"},
{"thumb": "http://i4.peapod.com/c/KK/KKNHZ.gif", "price": "330", "unit_price": "$6.59/ lb", "name": "Boar's Head Deli Pickle & Pepper Loaf (Regular Sliced)", "cnid": "937", "productId": "154823", "size": "apx 1/2 lb"},
{"thumb": "http://i4.peapod.com/c/KK/KKNHZ.gif", "price": "330", "unit_price": "$6.59/ lb", "name": "Boar's Head Deli Pickle & Pepper Loaf (Thin Sliced)", "cnid": "937", "productId": "157720", "size": "apx 1/2 lb"},
{"thumb": "http://i4.peapod.com/c/KK/KKNHZ.gif", "price": "499", "unit_price": "$9.99/ lb", "name": "Boar's Head Deli Prosciuttinni Pepper Ham (Regular Sliced)", "cnid": "937", "productId": "157765", "size": "apx 1/2 lb"},
{"thumb": "http://i4.peapod.com/c/KK/KKNHZ.gif", "price": "499", "unit_price": "$9.99/ lb", "name": "Boar's Head Deli Prosciuttinni Pepper Ham (Thin Sliced)", "cnid": "937", "productId": "116566", "size": "apx 1/2 lb"},
{"thumb": "http://i4.peapod.com/c/KK/KKNHZ.gif", "price": "649", "unit_price": "$12.99/ lb", "name": "Boar's Head Deli Prosciutto Piccolo (Regular Sliced)", "cnid": "937", "productId": "116563", "size": "apx 1/2 lb"},
{"thumb": "http://i4.peapod.com/c/KK/KKNHZ.gif", "price": "649", "unit_price": "$12.99/ lb", "name": "Boar's Head Deli Prosciutto Piccolo (Thin Sliced)", "cnid": "937", "productId": "116564", "size": "apx 1/2 lb"},
{"thumb": "http://i4.peapod.com/c/KK/KKNHZ.gif", "price": "649", "unit_price": "$12.99/ lb", "name": "Boar's Head Deli Roast Beef Cajun (Regular Sliced)", "cnid": "937", "productId": "100487", "size": "apx 1/2 lb"},
{"thumb": "http://i4.peapod.com/c/KK/KKNHZ.gif", "price": "649", "unit_price": "$12.99/ lb", "name": "Boar's Head Deli Roast Beef Cajun (Thin Sliced)", "cnid": "937", "productId": "100488", "size": "apx 1/2 lb"},
{"thumb": "http://i4.peapod.com/c/KK/KKNHZ.gif", "price": "649", "unit_price": "$12.99/ lb", "name": "Boar's Head Deli Roast Beef Rare Deluxe Top Round Low Sodium (Reg Sliced)", "cnid": "937", "productId": "116532", "size": "apx 1/2 lb"},
{"thumb": "http://i4.peapod.com/c/KK/KKNHZ.gif", "price": "649", "unit_price": "$12.99/ lb", "name": "Boar's Head Deli Roast Beef Rare Deluxe Top Round Low Sodium (Thin Sliced)", "cnid": "937", "productId": "116533", "size": "apx 1/2 lb"},
{"thumb": "http://i4.peapod.com/c/KK/KKNHZ.gif", "price": "649", "unit_price": "$12.99/ lb", "name": "Boar's Head Deli Roast Beef Rare Londonport Choice Top Round (Reg Sliced)", "cnid": "937", "productId": "137930", "size": "apx 1/2 lb"},
{"thumb": "http://i4.peapod.com/c/KK/KKNHZ.gif", "price": "649", "unit_price": "$12.99/ lb", "name": "Boar's Head Deli Roast Beef Rare Londonport Choice Top Round (Thin Sliced)", "cnid": "937", "productId": "137931", "size": "apx 1/2 lb"},
{"thumb": "http://i4.peapod.com/c/KK/KKNHZ.gif", "price": "324", "unit_price": "$6.49/ lb", "name": "Boar's Head Deli Salami Cooked (Regular Sliced)", "cnid": "937", "productId": "100015", "size": "apx 1/2 lb"},
{"thumb": "http://i4.peapod.com/c/KK/KKNHZ.gif", "price": "324", "unit_price": "$6.49/ lb", "name": "Boar's Head Deli Salami Cooked (Thin Sliced)", "cnid": "937", "productId": "100016", "size": "apx 1/2 lb"},
{"thumb": "http://i4.peapod.com/c/KK/KKNHZ.gif", "price": "439", "unit_price": "$8.79/ lb", "name": "Boar's Head Deli Salami Genoa (Regular Sliced)", "cnid": "937", "productId": "100017", "size": "apx 1/2 lb"},
{"thumb": "http://i4.peapod.com/c/KK/KKNHZ.gif", "price": "439", "unit_price": "$8.79/ lb", "name": "Boar's Head Deli Salami Genoa (Thin Sliced)", "cnid": "937", "productId": "100018", "size": "apx 1/2 lb"},
{"thumb": "http://i4.peapod.com/c/KK/KKNHZ.gif", "price": "449", "unit_price": "$8.99/ lb", "name": "Boar's Head Deli Salami Hard (Regular Sliced)", "cnid": "937", "productId": "100019", "size": "apx 1/2 lb"},
{"thumb": "http://i4.peapod.com/c/KK/KKNHZ.gif", "price": "449", "unit_price": "$8.99/ lb", "name": "Boar's Head Deli Salami Hard (Thin Sliced)", "cnid": "937", "productId": "100020", "size": "apx 1/2 lb"},
{"thumb": "http://i4.peapod.com/c/KK/KKNHZ.gif", "price": "664", "unit_price": "$13.29/ lb", "name": "Boar's Head Deli Sopressata Large Sweet (Regular Sliced)", "cnid": "937", "productId": "91713", "size": "apx 1/2 lb"},
{"thumb": "http://i4.peapod.com/c/KK/KKNHZ.gif", "price": "664", "unit_price": "$13.29/ lb", "name": "Boar's Head Deli Sopressata Large Sweet (Thin Sliced)", "cnid": "937", "productId": "157768", "size": "apx 1/2 lb"},
{"thumb": "http://i4.peapod.com/c/KK/KKNHZ.gif", "price": "325", "unit_price": "$12.99/ lb", "name": "Boar's Head Deli Sopressata Sweet (Regular Sliced)", "cnid": "937", "productId": "143247", "size": "apx 1/4 lb"},
{"thumb": "http://i4.peapod.com/c/KK/KKNHZ.gif", "price": "325", "unit_price": "$12.99/ lb", "name": "Boar's Head Deli Sopressata Sweet (Thin Sliced)", "cnid": "937", "productId": "157769", "size": "apx 1/4 lb"},
{"thumb": "http://i4.peapod.com/c/KK/KKNHZ.gif", "price": "499", "unit_price": "$9.99/ lb", "name": "Boar's Head Deli Turkey Breast Cajun Style Oven Roasted (Regular Sliced)", "cnid": "937", "productId": "131581", "size": "apx 1/2 lb"},
{"thumb": "http://i4.peapod.com/c/KK/KKNHZ.gif", "price": "499", "unit_price": "$9.99/ lb", "name": "Boar's Head Deli Turkey Breast Cajun Style Oven Roasted (Thin Sliced)", "cnid": "937", "productId": "139921", "size": "apx 1/2 lb"},
{"thumb": "http://i4.peapod.com/c/KK/KKNHZ.gif", "price": "499", "unit_price": "$9.99/ lb", "name": "Boar's Head Deli Turkey Breast Cracked Pepper Mill Smoked (Regular Sliced)", "cnid": "937", "productId": "100475", "size": "apx 1/2 lb"},
{"thumb": "http://i4.peapod.com/c/KK/KKNHZ.gif", "price": "499", "unit_price": "$9.99/ lb", "name": "Boar's Head Deli Turkey Breast Cracked Pepper Mill Smoked (Thin Sliced)", "cnid": "937", "productId": "100476", "size": "apx 1/2 lb"},
{"thumb": "http://i4.peapod.com/c/KK/KKNHZ.gif", "price": "499", "unit_price": "$9.99/ lb", "name": "Boar's Head Deli Turkey Breast Hickory Smoked Black Forest (Reg Sliced)", "cnid": "937", "productId": "100466", "size": "apx 1/2 lb"},
{"thumb": "http://i4.peapod.com/c/KK/KKNHZ.gif", "price": "499", "unit_price": "$9.99/ lb", "name": "Boar's Head Deli Turkey Breast Hickory Smoked Black Forest (Thin Sliced)", "cnid": "937", "productId": "100467", "size": "apx 1/2 lb"},
{"thumb": "http://i4.peapod.com/c/KK/KKNHZ.gif", "price": "499", "unit_price": "$9.99/ lb", "name": "Boar's Head Deli Turkey Breast Maple Glazed Honey Coat (Regular Sliced)", "cnid": "937", "productId": "100470", "size": "apx 1/2 lb"},
{"thumb": "http://i4.peapod.com/c/KK/KKNHZ.gif", "price": "499", "unit_price": "$9.99/ lb", "name": "Boar's Head Deli Turkey Breast Maple Glazed Honey Coat (Thin Sliced)", "cnid": "937", "productId": "100471", "size": "apx 1/2 lb"},
{"thumb": "http://i4.peapod.com/c/KK/KKNHZ.gif", "price": "499", "unit_price": "$9.99/ lb", "name": "Boar's Head Deli Turkey Breast Mesquite Wood Smoked (Regular Sliced)", "cnid": "937", "productId": "98055", "size": "apx 1/2 lb"},
{"thumb": "http://i4.peapod.com/c/KK/KKNHZ.gif", "price": "499", "unit_price": "$9.99/ lb", "name": "Boar's Head Deli Turkey Breast Mesquite Wood Smoked (Thin Sliced)", "cnid": "937", "productId": "98201", "size": "apx 1/2 lb"},
{"thumb": "http://i4.peapod.com/c/KK/KKNHZ.gif", "price": "499", "unit_price": "$9.99/ lb", "name": "Boar's Head Deli Turkey Breast Ovengold Roast (Regular Sliced)", "cnid": "937", "productId": "116483", "size": "apx 1/2 lb"},
{"thumb": "http://i4.peapod.com/c/KK/KKNHZ.gif", "price": "499", "unit_price": "$9.99/ lb", "name": "Boar's Head Deli Turkey Breast Ovengold Roast (Thin Sliced)", "cnid": "937", "productId": "116484", "size": "apx 1/2 lb"},
{"thumb": "http://i4.peapod.com/c/KK/KKNHZ.gif", "price": "499", "unit_price": "$9.99/ lb", "name": "Boar's Head Deli Turkey Breast Pastrami Seasoned (Regular Sliced)", "cnid": "937", "productId": "148323", "size": "apx 1/2 lb"},
{"thumb": "http://i4.peapod.com/c/KK/KKNHZ.gif", "price": "499", "unit_price": "$9.99/ lb", "name": "Boar's Head Deli Turkey Breast Pastrami Seasoned (Thin Sliced)", "cnid": "937", "productId": "69671", "size": "apx 1/2 lb"},
{"thumb": "http://i4.peapod.com/c/KK/KKNHZ.gif", "price": "474", "unit_price": "$9.49/ lb", "name": "Boar's Head Deli Turkey Breast Premium Lower Sodium (Regular Sliced)", "cnid": "937", "productId": "100464", "size": "apx 1/2 lb"},
{"thumb": "http://i4.peapod.com/c/KK/KKNHZ.gif", "price": "474", "unit_price": "$9.49/ lb", "name": "Boar's Head Deli Turkey Breast Premium Lower Sodium (Thin Sliced)", "cnid": "937", "productId": "100465", "size": "apx 1/2 lb"},
{"thumb": "http://i4.peapod.com/c/KK/KKNHZ.gif", "price": "499", "unit_price": "$9.99/ lb", "name": "Boar's Head Deli Turkey Breast Salsalito Roasted (Regular Sliced)", "cnid": "937", "productId": "100468", "size": "apx 1/2 lb"},
{"thumb": "http://i4.peapod.com/c/KK/KKNHZ.gif", "price": "499", "unit_price": "$9.99/ lb", "name": "Boar's Head Deli Turkey Breast Salsalito Roasted (Thin Sliced)", "cnid": "937", "productId": "100469", "size": "apx 1/2 lb"},
{"thumb": "http://i4.peapod.com/c/KK/KKNHZ.gif", "price": "175", "unit_price": "$3.49/ lb", "name": "Deli Bologna Wunderbar (Regular Sliced)", "cnid": "937", "productId": "106708", "size": "apx 1/2 lb"},
{"thumb": "http://i4.peapod.com/c/KK/KKNHZ.gif", "price": "175", "unit_price": "$3.49/ lb", "name": "Deli Bologna Wunderbar (Thin Sliced)", "cnid": "937", "productId": "106710", "size": "apx 1/2 lb"},
{"thumb": "http://i4.peapod.com/c/KK/KKNHZ.gif", "price": "224", "unit_price": "$4.49/ lb", "name": "Deutschmacher Brand Deli Bologna (Regular Sliced)", "cnid": "937", "productId": "106784", "size": "apx 1/2 lb"},
{"thumb": "http://i4.peapod.com/c/KK/KKNHZ.gif", "price": "224", "unit_price": "$4.49/ lb", "name": "Deutschmacher Brand Deli Bologna (Thin Sliced)", "cnid": "937", "productId": "106786", "size": "apx 1/2 lb"},
{"thumb": "http://i4.peapod.com/c/KK/KKNHZ.gif", "price": "339", "unit_price": "$6.79/ lb", "name": "Hebrew National Deli Bologna Beef (Regular Sliced)", "cnid": "937", "productId": "100501", "size": "apx 1/2 lb"},
{"thumb": "http://i4.peapod.com/c/KK/KKNHZ.gif", "price": "339", "unit_price": "$6.79/ lb", "name": "Hebrew National Deli Bologna Beef (Thin Sliced)", "cnid": "937", "productId": "100502", "size": "apx 1/2 lb"},
{"thumb": "http://i4.peapod.com/c/KK/KKNHZ.gif", "price": "349", "unit_price": "$6.99/ lb", "name": "Kayem Deli Pastrami Red Plate (Regular Sliced)", "cnid": "937", "productId": "116504", "size": "apx 1/2 lb"},
{"thumb": "http://i4.peapod.com/c/KK/KKNHZ.gif", "price": "349", "unit_price": "$6.99/ lb", "name": "Kayem Deli Pastrami Red Plate (Thin Sliced)", "cnid": "937", "productId": "116505", "size": "apx 1/2 lb"},
{"thumb": "http://i4.peapod.com/c/KK/KKNHZ.gif", "price": "449", "unit_price": "$8.99/ lb", "name": "Krakus Deli Ham Polish (Regular Sliced)", "cnid": "937", "productId": "103774", "size": "apx 1/2 lb"},
{"thumb": "http://i4.peapod.com/c/KK/KKNHZ.gif", "price": "449", "unit_price": "$8.99/ lb", "name": "Krakus Deli Ham Polish (Thin Sliced)", "cnid": "937", "productId": "103773", "size": "apx 1/2 lb"},
{"thumb": "http://i4.peapod.com/c/KK/KKNHZ.gif", "price": "349", "unit_price": "$6.99/ lb", "name": "Margherita Deli Pepperoni", "cnid": "937", "productId": "131179", "size": "apx 1/2 lb"},
{"thumb": "http://i4.peapod.com/c/KK/KKNHZ.gif", "price": "399", "unit_price": "$7.99/ lb", "name": "Margherita Deli Pepperoni (Regular Sliced)", "cnid": "937", "productId": "98092", "size": "apx 1/2 lb"},
{"thumb": "http://i4.peapod.com/c/KK/KKNHZ.gif", "price": "399", "unit_price": "$7.99/ lb", "name": "Margherita Deli Pepperoni (Thin Sliced)", "cnid": "937", "productId": "98226", "size": "apx 1/2 lb"},
{"thumb": "http://i4.peapod.com/c/KK/KKNHZ.gif", "price": "399", "unit_price": "$7.99/ lb", "name": "Margherita Deli Salami Genoa (Regular Sliced)", "cnid": "937", "productId": "116472", "size": "apx 1/2 lb"},
{"thumb": "http://i4.peapod.com/c/KK/KKNHZ.gif", "price": "399", "unit_price": "$7.99/ lb", "name": "Margherita Deli Salami Genoa (Thin Sliced)", "cnid": "937", "productId": "116473", "size": "apx 1/2 lb"},
{"thumb": "http://i4.peapod.com/c/KK/KKNHZ.gif", "price": "399", "unit_price": "$7.99/ lb", "name": "Margherita Deli Salami Hard (Regular Sliced)", "cnid": "937", "productId": "116474", "size": "apx 1/2 lb"},
{"thumb": "http://i4.peapod.com/c/KK/KKNHZ.gif", "price": "399", "unit_price": "$7.99/ lb", "name": "Margherita Deli Salami Hard (Thin Sliced)", "cnid": "937", "productId": "116475", "size": "apx 1/2 lb"},
{"thumb": "http://i4.peapod.com/c/KK/KKNHZ.gif", "price": "249", "unit_price": "$4.99/ lb", "name": "Perdue Deli Turkey Ham Honey Smoked (Regular Sliced)", "cnid": "937", "productId": "106599", "size": "apx 1/2 lb"},
{"thumb": "http://i4.peapod.com/c/KK/KKNHZ.gif", "price": "249", "unit_price": "$4.99/ lb", "name": "Perdue Deli Turkey Ham Honey Smoked (Thin Sliced)", "cnid": "937", "productId": "106600", "size": "apx 1/2 lb"},
{"thumb": "http://i4.peapod.com/c/KK/KKNHZ.gif", "price": "249", "unit_price": "$4.99/ lb", "name": "Perdue Deli Turkey Pastrami (Regular Sliced)", "cnid": "937", "productId": "106604", "size": "apx 1/2 lb"},
{"thumb": "http://i4.peapod.com/c/KK/KKNHZ.gif", "price": "249", "unit_price": "$4.99/ lb", "name": "Perdue Deli Turkey Pastrami (Thin Sliced)", "cnid": "937", "productId": "106606", "size": "apx 1/2 lb"},
{"thumb": "http://i4.peapod.com/c/KK/KKNHZ.gif", "price": "499", "unit_price": "$9.98/ lb", "name": "Russer Turkey Breast Honey Roasted Pre-Sliced", "cnid": "937", "productId": "133086", "size": "8 oz pkg"},
{"thumb": "http://i4.peapod.com/c/KK/KKNHZ.gif", "price": "349", "unit_price": "$6.99/ lb", "name": "Stop & Shop Deli Chicken Breast Buffalo Style (Regular Sliced)", "cnid": "937", "productId": "153652", "size": "apx 1/2 lb"},
{"thumb": "http://i4.peapod.com/c/KK/KKNHZ.gif", "price": "349", "unit_price": "$6.99/ lb", "name": "Stop & Shop Deli Chicken Breast Buffalo Style (Thin Sliced)", "cnid": "937", "productId": "156681", "size": "apx 1/2 lb"},
{"thumb": "http://i4.peapod.com/c/KK/KKNHZ.gif", "price": "349", "unit_price": "$6.99/ lb", "name": "Stop & Shop Deli Chicken Breast Oven Roasted 98% Fat Free (Regular Sliced)", "cnid": "937", "productId": "153651", "size": "apx 1/2 lb"},
{"thumb": "http://i4.peapod.com/c/KK/KKNHZ.gif", "price": "349", "unit_price": "$6.99/ lb", "name": "Stop & Shop Deli Chicken Breast Oven Roasted 98% Fat Free (Thin Sliced)", "cnid": "937", "productId": "156680", "size": "apx 1/2 lb"},
{"thumb": "http://i4.peapod.com/c/KK/KKNHZ.gif", "price": "299", "unit_price": "$5.99/ lb", "name": "Stop & Shop Deli Corned Beef Premium (Regular Sliced)", "cnid": "937", "productId": "128406", "size": "apx 1/2 lb"},
{"thumb": "http://i4.peapod.com/c/KK/KKNHZ.gif", "price": "299", "unit_price": "$5.99/ lb", "name": "Stop & Shop Deli Corned Beef Premium (Thin Sliced)", "cnid": "937", "productId": "128407", "size": "apx 1/2 lb"},
{"thumb": "http://i4.peapod.com/c/KK/KKNHZ.gif", "price": "299", "unit_price": "$5.99/ lb", "name": "Stop & Shop Deli Ham Honey Cured (Regular Sliced)", "cnid": "937", "productId": "153646", "size": "apx 1/2 lb"},
{"thumb": "http://i4.peapod.com/c/KK/KKNHZ.gif", "price": "299", "unit_price": "$5.99/ lb", "name": "Stop & Shop Deli Ham Honey Cured (Thin Sliced)", "cnid": "937", "productId": "156676", "size": "apx 1/2 lb"},
{"thumb": "http://i4.peapod.com/c/KK/KKNHZ.gif", "price": "374", "unit_price": "$7.49/ lb", "name": "Stop & Shop Deli Ham Old Fashioned (Regular Sliced)", "cnid": "937", "productId": "153650", "size": "apx 1/2 lb"},
{"thumb": "http://i4.peapod.com/c/KK/KKNHZ.gif", "price": "374", "unit_price": "$7.49/ lb", "name": "Stop & Shop Deli Ham Old Fashioned (Thin Sliced)", "cnid": "937", "productId": "156679", "size": "apx 1/2 lb"},
{"thumb": "http://i4.peapod.com/c/KK/KKNHZ.gif", "price": "299", "unit_price": "$5.99/ lb", "name": "Stop & Shop Deli Ham Virginia Brand (Regular Sliced)", "cnid": "937", "productId": "153647", "size": "apx 1/2 lb"},
{"thumb": "http://i4.peapod.com/c/KK/KKNHZ.gif", "price": "299", "unit_price": "$5.99/ lb", "name": "Stop & Shop Deli Ham Virginia Brand (Thin Sliced)", "cnid": "937", "productId": "156677", "size": "apx 1/2 lb"},
{"thumb": "http://i4.peapod.com/c/KK/KKNHZ.gif", "price": "299", "unit_price": "$5.99/ lb", "name": "Stop & Shop Deli Pastrami Premium (Regular Sliced)", "cnid": "937", "productId": "128490", "size": "apx 1/2 lb"},
{"thumb": "http://i4.peapod.com/c/KK/KKNHZ.gif", "price": "299", "unit_price": "$5.99/ lb", "name": "Stop & Shop Deli Pastrami Premium (Thin Sliced)", "cnid": "937", "productId": "128491", "size": "apx 1/2 lb"},
{"thumb": "http://i4.peapod.com/c/KK/KKNHZ.gif", "price": "299", "unit_price": "$5.99/ lb", "name": "Stop & Shop Deli Premium Ham Cooked (Regular Sliced)", "cnid": "937", "productId": "153648", "size": "apx 1/2 lb"},
{"thumb": "http://i4.peapod.com/c/KK/KKNHZ.gif", "price": "299", "unit_price": "$5.99/ lb", "name": "Stop & Shop Deli Premium Ham Cooked (Thin Sliced)", "cnid": "937", "productId": "156678", "size": "apx 1/2 lb"},
{"thumb": "http://i4.peapod.com/c/KK/KKNHZ.gif", "price": "299", "unit_price": "$5.99/ lb", "name": "Stop & Shop Deli Premium Ham Danish Brand (Regular Sliced)", "cnid": "937", "productId": "153649", "size": "apx 1/2 lb"},
{"thumb": "http://i4.peapod.com/c/KK/KKNHZ.gif", "price": "299", "unit_price": "$5.99/ lb", "name": "Stop & Shop Deli Premium Ham Danish Brand (Thin Sliced)", "cnid": "937", "productId": "156585", "size": "apx 1/2 lb"},
{"thumb": "http://i4.peapod.com/c/KK/KKNHZ.gif", "price": "449", "unit_price": "$8.99/ lb", "name": "Stop & Shop Deli Roast Beef Italian (Regular Sliced)", "cnid": "937", "productId": "106853", "size": "apx 1/2 lb"},
{"thumb": "http://i4.peapod.com/c/KK/KKNHZ.gif", "price": "449", "unit_price": "$8.99/ lb", "name": "Stop & Shop Deli Roast Beef Italian (Thin Sliced)", "cnid": "937", "productId": "106856", "size": "apx 1/2 lb"},
{"thumb": "http://i4.peapod.com/c/KK/KKNHZ.gif", "price": "449", "unit_price": "$8.99/ lb", "name": "Stop & Shop Deli Roast Beef Rare Cooked (Regular Sliced)", "cnid": "937", "productId": "17208", "size": "apx 1/2 lb"},
{"thumb": "http://i4.peapod.com/c/KK/KKNHZ.gif", "price": "449", "unit_price": "$8.99/ lb", "name": "Stop & Shop Deli Roast Beef Rare Cooked (Thin Sliced)", "cnid": "937", "productId": "106206", "size": "apx 1/2 lb"},
{"thumb": "http://i4.peapod.com/c/KK/KKNHZ.gif", "price": "349", "unit_price": "$6.99/ lb", "name": "Stop & Shop Deli Salami Genoa (Regular Sliced)", "cnid": "937", "productId": "192992", "size": "apx 1/2 lb"},
{"thumb": "http://i4.peapod.com/c/KK/KKNHZ.gif", "price": "349", "unit_price": "$6.99/ lb", "name": "Stop & Shop Deli Salami Genoa (Thin Sliced)", "cnid": "937", "productId": "192993", "size": "apx 1/2 lb"},
{"thumb": "http://i4.peapod.com/c/KK/KKNHZ.gif", "price": "349", "unit_price": "$6.99/ lb", "name": "Stop & Shop Deli Salami Hard (Regular Sliced)", "cnid": "937", "productId": "192994", "size": "apx 1/2 lb"},
{"thumb": "http://i4.peapod.com/c/KK/KKNHZ.gif", "price": "349", "unit_price": "$6.99/ lb", "name": "Stop & Shop Deli Salami Hard (Thin Sliced)", "cnid": "937", "productId": "192995", "size": "apx 1/2 lb"},
{"thumb": "http://i4.peapod.com/c/KK/KKNHZ.gif", "price": "324", "unit_price": "$6.49/ lb", "name": "Stop & Shop Deli Turkey Breast Bistro Style (Regular Sliced)", "cnid": "937", "productId": "186046", "size": "apx 1/2 lb"},
{"thumb": "http://i4.peapod.com/c/KK/KKNHZ.gif", "price": "324", "unit_price": "$6.49/ lb", "name": "Stop & Shop Deli Turkey Breast Bistro Style (Thin Sliced)", "cnid": "937", "productId": "186045", "size": "apx 1/2 lb"},
{"thumb": "http://i4.peapod.com/c/KK/KKNHZ.gif", "price": "414", "unit_price": "$8.29/ lb", "name": "Stop & Shop Deli Turkey Breast Hickory Smoked (Regular Sliced)", "cnid": "937", "productId": "98128", "size": "apx 1/2 lb"},
{"thumb": "http://i4.peapod.com/c/KK/KKNHZ.gif", "price": "414", "unit_price": "$8.29/ lb", "name": "Stop & Shop Deli Turkey Breast Hickory Smoked (Thin Sliced)", "cnid": "937", "productId": "98232", "size": "apx 1/2 lb"},
{"thumb": "http://i4.peapod.com/c/KK/KKNHZ.gif", "price": "414", "unit_price": "$8.29/ lb", "name": "Stop & Shop Deli Turkey Breast Honey Maple (Regular Sliced)", "cnid": "937", "productId": "106850", "size": "apx 1/2 lb"},
{"thumb": "http://i4.peapod.com/c/KK/KKNHZ.gif", "price": "414", "unit_price": "$8.29/ lb", "name": "Stop & Shop Deli Turkey Breast Honey Maple (Thin Sliced)", "cnid": "937", "productId": "106848", "size": "apx 1/2 lb"},
{"thumb": "http://i4.peapod.com/c/KK/KKNHZ.gif", "price": "414", "unit_price": "$8.29/ lb", "name": "Stop & Shop Deli Turkey Breast Lower Sodium (Regular Sliced)", "cnid": "937", "productId": "98132", "size": "apx 1/2 lb"},
{"thumb": "http://i4.peapod.com/c/KK/KKNHZ.gif", "price": "414", "unit_price": "$8.29/ lb", "name": "Stop & Shop Deli Turkey Breast Lower Sodium (Thin Sliced)", "cnid": "937", "productId": "98213", "size": "apx 1/2 lb"},
{"thumb": "http://i4.peapod.com/c/KK/KKNHZ.gif", "price": "414", "unit_price": "$8.29/ lb", "name": "Stop & Shop Deli Turkey Breast Perfectly Roasted (Regular Sliced)", "cnid": "937", "productId": "106689", "size": "apx 1/2 lb"},
{"thumb": "http://i4.peapod.com/c/KK/KKNHZ.gif", "price": "829", "unit_price": "$8.29/ lb", "name": "Stop & Shop Deli Turkey Breast Perfectly Roasted (Regular Sliced)", "cnid": "937", "productId": "128611", "size": "apx 1 lb"},
{"thumb": "http://i4.peapod.com/c/KK/KKNHZ.gif", "price": "829", "unit_price": "$8.29/ lb", "name": "Stop & Shop Deli Turkey Breast Perfectly Roasted (Thin Sliced)", "cnid": "937", "productId": "128612", "size": "apx 1 lb"},
{"thumb": "http://i4.peapod.com/c/KK/KKNHZ.gif", "price": "414", "unit_price": "$8.29/ lb", "name": "Stop & Shop Deli Turkey Cracked Pepper (Regular Sliced)", "cnid": "937", "productId": "98136", "size": "apx 1/2 lb"},
{"thumb": "http://i4.peapod.com/c/KK/KKNHZ.gif", "price": "414", "unit_price": "$8.29/ lb", "name": "Stop & Shop Deli Turkey Cracked Pepper (Thin Sliced)", "cnid": "937", "productId": "98225", "size": "apx 1/2 lb"},
{"thumb": "http://i4.peapod.com/c/KK/KKNHZ.gif", "price": "414", "unit_price": "$8.29/ lb", "name": "Stop & Shop Deli Turkey Perfectly Roasted (Thin Sliced)", "cnid": "937", "productId": "106690", "size": "apx 1/2 lb"},
{"thumb": "http://i4.peapod.com/c/KK/KKNHZ.gif", "price": "399", "unit_price": "$7.99/ lb", "name": "Alpine Lace Deli American Cheese White 25% Reduced Fat (Regular Sliced)", "cnid": "922", "productId": "111694", "size": "apx 1/2 lb"},
{"thumb": "http://i4.peapod.com/c/KK/KKNHZ.gif", "price": "399", "unit_price": "$7.99/ lb", "name": "Alpine Lace Deli American Cheese White 25% Reduced Fat (Thin Sliced)", "cnid": "922", "productId": "157745", "size": "apx 1/2 lb"},
{"thumb": "http://i4.peapod.com/c/KK/KKNHZ.gif", "price": "399", "unit_price": "$7.99/ lb", "name": "Alpine Lace Deli Muenster Cheese (Regular Sliced)", "cnid": "922", "productId": "113288", "size": "apx 1/2 lb"},
{"thumb": "http://i4.peapod.com/c/KK/KKNHZ.gif", "price": "399", "unit_price": "$7.99/ lb", "name": "Alpine Lace Deli Muenster Cheese (Thin Sliced)", "cnid": "922", "productId": "157746", "size": "apx 1/2 lb"},
{"thumb": "http://i4.peapod.com/c/KK/KKNHZ.gif", "price": "399", "unit_price": "$7.99/ lb", "name": "Alpine Lace Deli Provolone Cheese (Regular Sliced)", "cnid": "922", "productId": "113289", "size": "apx 1/2 lb"},
{"thumb": "http://i4.peapod.com/c/KK/KKNHZ.gif", "price": "399", "unit_price": "$7.99/ lb", "name": "Alpine Lace Deli Provolone Cheese (Thin Sliced)", "cnid": "922", "productId": "157747", "size": "apx 1/2 lb"},
{"thumb": "http://i4.peapod.com/c/KK/KKNHZ.gif", "price": "449", "unit_price": "$8.99/ lb", "name": "Boar's Head Bold Deli Colby Jack Cheese 3 Pepper Spicy (Regular Sliced)", "cnid": "922", "productId": "186822", "size": "apx 1/2 lb"},
{"thumb": "http://i4.peapod.com/c/KK/KKNHZ.gif", "price": "449", "unit_price": "$8.99/ lb", "name": "Boar's Head Bold Deli Colby Jack Cheese 3 Pepper Spicy (Thin Sliced)", "cnid": "922", "productId": "191200", "size": "apx 1/2 lb"},
{"thumb": "http://i4.peapod.com/c/KK/KKNHZ.gif", "price": "449", "unit_price": "$8.99/ lb", "name": "Boar's Head Bold Deli Gouda Cheese Chipotle Savory (Regular Sliced)", "cnid": "922", "productId": "186823", "size": "apx 1/2 lb"},
{"thumb": "http://i4.peapod.com/c/KK/KKNHZ.gif", "price": "449", "unit_price": "$8.99/ lb", "name": "Boar's Head Bold Deli Gouda Cheese Chipotle Savory (Thin Sliced)", "cnid": "922", "productId": "191201", "size": "apx 1/2 lb"},
{"thumb": "http://i4.peapod.com/c/KK/KKNHZ.gif", "price": "385", "unit_price": "$7.69/ lb", "name": "Boar's Head Deli American Cheese White (Regular Sliced)", "cnid": "922", "productId": "113290", "size": "apx 1/2 lb"},
{"thumb": "http://i4.peapod.com/c/KK/KKNHZ.gif", "price": "385", "unit_price": "$7.69/ lb", "name": "Boar's Head Deli American Cheese White (Thin Sliced)", "cnid": "922", "productId": "153166", "size": "apx 1/2 lb"},
{"thumb": "http://i4.peapod.com/c/KK/KKNHZ.gif", "price": "434", "unit_price": "$8.69/ lb", "name": "Boar's Head Deli American Cheese White Low Fat (Regular Sliced)", "cnid": "922", "productId": "158816", "size": "apx 1/2 lb"},
{"thumb": "http://i4.peapod.com/c/KK/KKNHZ.gif", "price": "434", "unit_price": "$8.69/ lb", "name": "Boar's Head Deli American Cheese White Low Fat (Thin Sliced)", "cnid": "922", "productId": "158815", "size": "apx 1/2 lb"},
{"thumb": "http://i4.peapod.com/c/KK/KKNHZ.gif", "price": "385", "unit_price": "$7.69/ lb", "name": "Boar's Head Deli American Cheese Yellow (Regular Sliced)", "cnid": "922", "productId": "113291", "size": "apx 1/2 lb"},
{"thumb": "http://i4.peapod.com/c/KK/KKNHZ.gif", "price": "385", "unit_price": "$7.69/ lb", "name": "Boar's Head Deli American Cheese Yellow (Thin Sliced)", "cnid": "922", "productId": "153165", "size": "apx 1/2 lb"},
{"thumb": "http://i4.peapod.com/c/KK/KKNHZ.gif", "price": "449", "unit_price": "$8.99/ lb", "name": "Boar's Head Deli Cheddar Cheese Double Gloucester (Regular Sliced)", "cnid": "922", "productId": "116527", "size": "apx 1/2 lb"},
{"thumb": "http://i4.peapod.com/c/KK/KKNHZ.gif", "price": "449", "unit_price": "$8.99/ lb", "name": "Boar's Head Deli Cheddar Cheese Double Gloucester (Thin Sliced)", "cnid": "922", "productId": "157713", "size": "apx 1/2 lb"},
{"thumb": "http://i4.peapod.com/c/KK/KKNHZ.gif", "price": "449", "unit_price": "$8.99/ lb", "name": "Boar's Head Deli Cheddar Cheese Extra Aged Yellow (Regular Sliced)", "cnid": "922", "productId": "154830", "size": "apx 1/2 lb"},
{"thumb": "http://i4.peapod.com/c/KK/KKNHZ.gif", "price": "449", "unit_price": "$8.99/ lb", "name": "Boar's Head Deli Cheddar Cheese Extra Aged Yellow (Thin Sliced)", "cnid": "922", "productId": "157761", "size": "apx 1/2 lb"},
{"thumb": "http://i4.peapod.com/c/KK/KKNHZ.gif", "price": "464", "unit_price": "$9.29/ lb", "name": "Boar's Head Deli Cheddar Cheese Horseradish (Regular Sliced)", "cnid": "922", "productId": "140789", "size": "apx 1/2 lb"},
{"thumb": "http://i4.peapod.com/c/KK/KKNHZ.gif", "price": "464", "unit_price": "$9.29/ lb", "name": "Boar's Head Deli Cheddar Cheese Horseradish (Thin Sliced)", "cnid": "922", "productId": "157760", "size": "apx 1/2 lb"},
{"thumb": "http://i4.peapod.com/c/KK/KKNHZ.gif", "price": "424", "unit_price": "$8.49/ lb", "name": "Boar's Head Deli Monterey Jack Cheese with Jalapeno (Regular Sliced)", "cnid": "922", "productId": "116523", "size": "apx 1/2 lb"},
{"thumb": "http://i4.peapod.com/c/KK/KKNHZ.gif", "price": "424", "unit_price": "$8.49/ lb", "name": "Boar's Head Deli Mozzarella Cheese (Regular Sliced)", "cnid": "922", "productId": "116517", "size": "apx 1/2 lb"},
{"thumb": "http://i4.peapod.com/c/KK/KKNHZ.gif", "price": "424", "unit_price": "$8.49/ lb", "name": "Boar's Head Deli Mozzarella Cheese (Thin Sliced)", "cnid": "922", "productId": "157744", "size": "apx 1/2 lb"},
{"thumb": "http://i4.peapod.com/c/KK/KKNHZ.gif", "price": "424", "unit_price": "$8.49/ lb", "name": "Boar's Head Deli Muenster Cheese Low Sodium (Regular Sliced)", "cnid": "922", "productId": "116520", "size": "apx 1/2 lb"},
{"thumb": "http://i4.peapod.com/c/KK/KKNHZ.gif", "price": "424", "unit_price": "$8.49/ lb", "name": "Boar's Head Deli Muenster Cheese Low Sodium (Thin Sliced)", "cnid": "922", "productId": "157750", "size": "apx 1/2 lb"},
{"thumb": "http://i4.peapod.com/c/KK/KKNHZ.gif", "price": "449", "unit_price": "$8.99/ lb", "name": "Boar's Head Deli Provolone Cheese Mild (Regular Sliced)", "cnid": "922", "productId": "116519", "size": "apx 1/2 lb"},
{"thumb": "http://i4.peapod.com/c/KK/KKNHZ.gif", "price": "449", "unit_price": "$8.99/ lb", "name": "Boar's Head Deli Provolone Cheese Mild (Thin Sliced)", "cnid": "922", "productId": "157751", "size": "apx 1/2 lb"},
{"thumb": "http://i4.peapod.com/c/KK/KKNHZ.gif", "price": "424", "unit_price": "$8.49/ lb", "name": "Boar's Head Deli Provolone Cheese Picante (Regular Sliced)", "cnid": "922", "productId": "116518", "size": "apx 1/2 lb"},
{"thumb": "http://i4.peapod.com/c/KK/KKNHZ.gif", "price": "424", "unit_price": "$8.49/ lb", "name": "Boar's Head Deli Provolone Cheese Picante (Thin Sliced)", "cnid": "922", "productId": "157753", "size": "apx 1/2 lb"},
{"thumb": "http://i4.peapod.com/c/KK/KKNHZ.gif", "price": "499", "unit_price": "$9.99/ lb", "name": "Boar's Head Deli Swiss Cheese Gold Label Imported (Regular Sliced)", "cnid": "922", "productId": "116514", "size": "apx 1/2 lb"},
{"thumb": "http://i4.peapod.com/c/KK/KKNHZ.gif", "price": "499", "unit_price": "$9.99/ lb", "name": "Boar's Head Deli Swiss Cheese Gold Label Imported (Thin Sliced)", "cnid": "922", "productId": "156933", "size": "apx 1/2 lb"},
{"thumb": "http://i4.peapod.com/c/KK/KKNHZ.gif", "price": "399", "unit_price": "$7.99/ lb", "name": "Boar's Head Master Cheesemaker's Deli Asiago Cheese (Regular Sliced)", "cnid": "922", "productId": "156083", "size": "apx 1/2 lb"},
{"thumb": "http://i4.peapod.com/c/KK/KKNHZ.gif", "price": "399", "unit_price": "$7.99/ lb", "name": "Boar's Head Master Cheesemaker's Deli Asiago Cheese (Thin Sliced)", "cnid": "922", "productId": "158817", "size": "apx 1/2 lb"},
{"thumb": "http://i4.peapod.com/c/KK/KKNHZ.gif", "price": "480", "unit_price": "$9.59/ lb", "name": "Boar's Head Master Cheesemaker's Deli Havarti Cheese Cream (Reg Sliced)", "cnid": "922", "productId": "116525", "size": "apx 1/2 lb"},
{"thumb": "http://i4.peapod.com/c/KK/KKNHZ.gif", "price": "480", "unit_price": "$9.59/ lb", "name": "Boar's Head Master Cheesemaker's Deli Havarti Cheese Cream (Thin Sliced)", "cnid": "922", "productId": "157709", "size": "apx 1/2 lb"},
{"thumb": "http://i4.peapod.com/c/KK/KKNHZ.gif", "price": "399", "unit_price": "$7.99/ lb", "name": "Boar's Head Master Cheesemaker's Deli Monterey Jack Cheese (Reg Sliced)", "cnid": "922", "productId": "116522", "size": "apx 1/2 lb"},
{"thumb": "http://i4.peapod.com/c/KK/KKNHZ.gif", "price": "399", "unit_price": "$7.99/ lb", "name": "Boar's Head Master Cheesemaker's Deli Monterey Jack Cheese (Thin Sliced)", "cnid": "922", "productId": "157741", "size": "apx 1/2 lb"},
{"thumb": "http://i4.peapod.com/c/KK/KKNHZ.gif", "price": "424", "unit_price": "$8.49/ lb", "name": "Boar's Head Master Cheesemaker's Deli Muenster Cheese (Reg Sliced)", "cnid": "922", "productId": "116521", "size": "apx 1/2 lb"},
{"thumb": "http://i4.peapod.com/c/KK/KKNHZ.gif", "price": "424", "unit_price": "$8.49/ lb", "name": "Boar's Head Master Cheesemaker's Deli Muenster Cheese (Thin Sliced)", "cnid": "922", "productId": "157749", "size": "apx 1/2 lb"},
{"thumb": "http://i4.peapod.com/c/KK/KKNHZ.gif", "price": "524", "unit_price": "$10.49/ lb", "name": "Boar's Head Master Cheesemaker's Deli Swiss Cheese Baby (Regular Sliced)", "cnid": "922", "productId": "116513", "size": "apx 1/2 lb"},
{"thumb": "http://i4.peapod.com/c/KK/KKNHZ.gif", "price": "524", "unit_price": "$10.49/ lb", "name": "Boar's Head Master Cheesemaker's Deli Swiss Cheese Baby (Thin Sliced)", "cnid": "922", "productId": "157763", "size": "apx 1/2 lb"},
{"thumb": "http://i4.peapod.com/c/KK/KKNHZ.gif", "price": "524", "unit_price": "$10.49/ lb", "name": "Boar's Head Master Cheesemaker's Deli Swiss Cheese Lacey (Reg Sliced)", "cnid": "922", "productId": "116516", "size": "apx 1/2 lb"},
{"thumb": "http://i4.peapod.com/c/KK/KKNHZ.gif", "price": "524", "unit_price": "$10.49/ lb", "name": "Boar's Head Master Cheesemaker's Deli Swiss Cheese Lacey (Thin Sliced)", "cnid": "922", "productId": "157764", "size": "apx 1/2 lb"},
{"thumb": "http://i4.peapod.com/c/KK/KKNHZ.gif", "price": "474", "unit_price": "$9.49/ lb", "name": "Boar's Head Master Cheesemaker's Deli Vermont Cheddar Cheese (Reg Sliced)", "cnid": "922", "productId": "131580", "size": "apx 1/2 lb"},
{"thumb": "http://i4.peapod.com/c/KK/KKNHZ.gif", "price": "474", "unit_price": "$9.49/ lb", "name": "Boar's Head Master Cheesemaker's Deli Vermont Cheddar Cheese (Thin Sliced)", "cnid": "922", "productId": "131577", "size": "apx 1/2 lb"},
{"thumb": "http://i4.peapod.com/c/KK/KKNHZ.gif", "price": "449", "unit_price": "$5.99/ lb", "name": "Deli Feta Cheese Chunk", "cnid": "922", "productId": "9968", "size": "apx 3/4 lb"},
{"thumb": "http://i4.peapod.com/c/KK/KKNHZ.gif", "price": "374", "unit_price": "$7.49/ lb", "name": "Deli Havarti Cheese Danish Plain Chunk", "cnid": "922", "productId": "131017", "size": "apx 1/2 lb"},
{"thumb": "http://i4.peapod.com/c/KK/KKNHZ.gif", "price": "349", "unit_price": "$6.99/ lb", "name": "Deli Provolone Cheese (Regular Sliced)", "cnid": "922", "productId": "157710", "size": "apx 1/2 lb"},
{"thumb": "http://i4.peapod.com/c/KK/KKNHZ.gif", "price": "349", "unit_price": "$6.99/ lb", "name": "Deli Provolone Cheese (Thin Sliced)", "cnid": "922", "productId": "111226", "size": "apx 1/2 lb"},
{"thumb": "http://i4.peapod.com/c/KK/KKNHZ.gif", "price": "374", "unit_price": "$7.49/ lb", "name": "Denmark's Finest Havarti Cheese with Dill Chunk", "cnid": "922", "productId": "131018", "size": "apx 1/2 lb"},
{"thumb": "http://i4.peapod.com/c/KK/KKNHZ.gif", "price": "424", "unit_price": "$8.49/ lb", "name": "Jarlsberg Deli Swiss Cheese (Regular Sliced)", "cnid": "922", "productId": "106859", "size": "apx 1/2 lb"},
{"thumb": "http://i4.peapod.com/c/KK/KKNHZ.gif", "price": "349", "unit_price": "$6.99/ lb", "name": "Jarlsberg Deli Swiss Cheese Lite (Thin Sliced)", "cnid": "922", "productId": "106858", "size": "apx 1/2 lb"},
{"thumb": "http://i4.peapod.com/c/KK/KKNHZ.gif", "price": "299", "unit_price": "$5.99/ lb", "name": "LAND O LAKES Deli American Cheese Product White (Regular Sliced)", "cnid": "922", "productId": "106871", "size": "apx 1/2 lb"},
{"thumb": "http://i4.peapod.com/c/KK/KKNHZ.gif", "price": "299", "unit_price": "$5.99/ lb", "name": "LAND O LAKES Deli American Cheese Product White (Thin Sliced)", "cnid": "922", "productId": "106872", "size": "apx 1/2 lb"},
{"thumb": "http://i4.peapod.com/c/KK/KKNHZ.gif", "price": "299", "unit_price": "$5.99/ lb", "name": "LAND O LAKES Deli American Cheese Product Yellow (Regular Sliced)", "cnid": "922", "productId": "106873", "size": "apx 1/2 lb"},
{"thumb": "http://i4.peapod.com/c/KK/KKNHZ.gif", "price": "299", "unit_price": "$5.99/ lb", "name": "LAND O LAKES Deli American Cheese Product Yellow (Thin Sliced)", "cnid": "922", "productId": "106874", "size": "apx 1/2 lb"},
{"thumb": "http://i4.peapod.com/c/KK/KKNHZ.gif", "price": "299", "unit_price": "$5.99/ lb", "name": "LAND O LAKES Deli American Cheese White 2% Milk (Regular Sliced)", "cnid": "922", "productId": "158819", "size": "apx 1/2 lb"},
{"thumb": "http://i4.peapod.com/c/KK/KKNHZ.gif", "price": "299", "unit_price": "$5.99/ lb", "name": "LAND O LAKES Deli American Cheese White 2% Milk (Thin Sliced)", "cnid": "922", "productId": "158818", "size": "apx 1/2 lb"},
{"thumb": "http://i4.peapod.com/c/KK/KKNHZ.gif", "price": "249", "unit_price": "$4.99/ lb", "name": "Stop & Shop Deli American Cheese White (Regular Sliced)", "cnid": "922", "productId": "106691", "size": "apx 1/2 lb"},
{"thumb": "http://i4.peapod.com/c/KK/KKNHZ.gif", "price": "499", "unit_price": "$4.99/ lb", "name": "Stop & Shop Deli American Cheese White (Regular Sliced)", "cnid": "922", "productId": "157726", "size": "apx 1 lb"},
{"thumb": "http://i4.peapod.com/c/KK/KKNHZ.gif", "price": "249", "unit_price": "$4.99/ lb", "name": "Stop & Shop Deli American Cheese White (Thin Sliced)", "cnid": "922", "productId": "106692", "size": "apx 1/2 lb"},
{"thumb": "http://i4.peapod.com/c/KK/KKNHZ.gif", "price": "499", "unit_price": "$4.99/ lb", "name": "Stop & Shop Deli American Cheese White (Thin Sliced)", "cnid": "922", "productId": "128615", "size": "apx 1 lb"},
{"thumb": "http://i4.peapod.com/c/KK/KKNHZ.gif", "price": "249", "unit_price": "$4.99/ lb", "name": "Stop & Shop Deli American Cheese Yellow (Regular Sliced)", "cnid": "922", "productId": "116478", "size": "apx 1/2 lb"},
{"thumb": "http://i4.peapod.com/c/KK/KKNHZ.gif", "price": "499", "unit_price": "$4.99/ lb", "name": "Stop & Shop Deli American Cheese Yellow (Regular Sliced)", "cnid": "922", "productId": "128617", "size": "apx 1 lb"},
{"thumb": "http://i4.peapod.com/c/KK/KKNHZ.gif", "price": "499", "unit_price": "$4.99/ lb", "name": "Stop & Shop Deli American Cheese Yellow (Thin Sliced)", "cnid": "922", "productId": "157733", "size": "apx 1 lb"},
{"thumb": "http://i4.peapod.com/c/KK/KKNHZ.gif", "price": "249", "unit_price": "$4.99/ lb", "name": "Stop & Shop Deli American Cheese Yellow (Thin Sliced)", "cnid": "922", "productId": "116479", "size": "apx 1/2 lb"},
{"thumb": "http://i4.peapod.com/c/KK/KKNHZ.gif", "price": "349", "unit_price": "$6.99/ lb", "name": "Stop & Shop Deli Swiss Cheese Premium Domestic (Regular Sliced)", "cnid": "922", "productId": "131134", "size": "apx 1/2 lb"},
{"thumb": "http://i4.peapod.com/c/KK/KKNHZ.gif", "price": "349", "unit_price": "$6.99/ lb", "name": "Stop & Shop Deli Swiss Cheese Premium Domestic (Thin Sliced)", "cnid": "922", "productId": "131135", "size": "apx 1/2 lb"},
{"thumb": "http://i4.peapod.com/c/KK/KKNHZ.gif", "price": "499", "unit_price": "$5.67/ lb", "name": "Cedar's Simply Delicious Taboule Salad Fresh Party Size", "cnid": "983", "productId": "154385", "size": "14 oz tub"},
{"thumb": "http://i4.peapod.com/c/KK/KKNHZ.gif", "price": "449", "unit_price": "$4.49/ lb", "name": "Deli Broccoli Salad Crunchy", "cnid": "983", "productId": "186651", "size": "apx 1 lb"},
{"thumb": "http://i4.peapod.com/c/KK/KKNHZ.gif", "price": "799", "unit_price": "$7.99/ lb", "name": "Deli Chicken Salad", "cnid": "983", "productId": "124463", "size": "apx 1 lb"},
{"thumb": "http://i4.peapod.com/c/KK/KKNHZ.gif", "price": "299", "unit_price": "$5.99/ lb", "name": "Deli Egg Salad", "cnid": "983", "productId": "57496", "size": "apx 1/2 lb"},
{"thumb": "http://i4.peapod.com/c/KK/KKNHZ.gif", "price": "699", "unit_price": "$6.99/ lb", "name": "Deli Ham Salad", "cnid": "983", "productId": "124464", "size": "apx 1 lb"},
{"thumb": "http://i4.peapod.com/c/KK/KKNHZ.gif", "price": "200", "unit_price": "$3.99/ lb", "name": "Deli Macaroni Salad Homestyle", "cnid": "983", "productId": "106839", "size": "apx 1/2 lb"},
{"thumb": "http://i4.peapod.com/c/KK/KKNHZ.gif", "price": "399", "unit_price": "$3.99/ lb", "name": "Deli Potato & Egg Salad Homestyle", "cnid": "983", "productId": "131171", "size": "apx 1 lb"},
{"thumb": "http://i4.peapod.com/c/KK/KKNHZ.gif", "price": "200", "unit_price": "$3.99/ lb", "name": "Deli Potato Salad Traditional", "cnid": "983", "productId": "106613", "size": "apx 1/2 lb"},
{"thumb": "http://i4.peapod.com/c/KK/KKNHZ.gif", "price": "224", "unit_price": "$4.49/ lb", "name": "Deli Seafood Salad with Crab", "cnid": "983", "productId": "69200", "size": "apx 1/2 lb"},
{"thumb": "http://i4.peapod.com/c/KK/KKNHZ.gif", "price": "699", "unit_price": "$6.99/ lb", "name": "Deli Tuna Salad", "cnid": "983", "productId": "124462", "size": "apx 1 lb"},
{"thumb": "http://i4.peapod.com/c/KK/KKNHZ.gif", "price": "399", "unit_price": "$3.99/ lb", "name": "Hans Kissle Potato Salad German", "cnid": "983", "productId": "131038", "size": "apx 1 lb"},
{"thumb": "http://i4.peapod.com/c/KK/KKNHZ.gif", "price": "499", "unit_price": "$.36/ oz", "name": "Joseph's Taboule Salad", "cnid": "983", "productId": "132377", "size": "14 oz tub"},
{"thumb": "http://i4.peapod.com/c/KK/KKNHZ.gif", "price": "449", "unit_price": "$4.49/ lb", "name": "Simply Enjoy Taboule Salad", "cnid": "983", "productId": "151560", "size": "16 oz tub"},
{"thumb": "http://i4.peapod.com/c/KK/KKNHZ.gif", "price": "449", "unit_price": "$4.49/ lb", "name": "Stop & Shop Deli Cole Slaw Salad Summer", "cnid": "983", "productId": "154828", "size": "apx 1 lb"},
{"thumb": "http://i4.peapod.com/c/KK/KKNHZ.gif", "price": "499", "unit_price": "$4.99/ lb", "name": "Stop & Shop Deli Edamame Salad", "cnid": "983", "productId": "186649", "size": "apx 1 lb"},
{"thumb": "http://i4.peapod.com/c/KK/KKNHZ.gif", "price": "699", "unit_price": "$6.99/ lb", "name": "Stop & Shop Deli Grilled Chicken Caesar Salad", "cnid": "983", "productId": "158771", "size": "apx 1 lb"},
{"thumb": "http://i4.peapod.com/c/KK/KKNHZ.gif", "price": "429", "unit_price": "$4.29/ lb", "name": "Stop & Shop Deli Pasta Salad Bowtie", "cnid": "983", "productId": "158769", "size": "apx 1 lb"},
{"thumb": "http://i4.peapod.com/c/KK/KKNHZ.gif", "price": "699", "unit_price": "$6.99/ lb", "name": "Stop & Shop Deli Pasta Salad Greek", "cnid": "983", "productId": "154829", "size": "apx 1 lb"},
{"thumb": "http://i4.peapod.com/c/KK/KKNHZ.gif", "price": "499", "unit_price": "$4.99/ lb", "name": "Stop & Shop Deli Pasta Salad Rainbow", "cnid": "983", "productId": "131078", "size": "apx 1 lb"},
{"thumb": "http://i4.peapod.com/c/KK/KKNHZ.gif", "price": "224", "unit_price": "$4.49/ lb", "name": "Stop & Shop Deli Potato Salad Red Bliss", "cnid": "983", "productId": "106616", "size": "apx 1/2 lb"},
{"thumb": "http://i4.peapod.com/c/KK/KKNHZ.gif", "price": "449", "unit_price": "$4.49/ lb", "name": "Stop & Shop Deli Potato Salad Red Bliss", "cnid": "983", "productId": "124468", "size": "apx 1 lb"},
{"thumb": "http://i4.peapod.com/c/KK/KKNHZ.gif", "price": "799", "unit_price": "$7.99/ lb", "name": "Stop & Shop Deli Rotisserie Chicken Salad", "cnid": "983", "productId": "158770", "size": "apx 1 lb"},
{"thumb": "http://i4.peapod.com/c/KK/KKNHZ.gif", "price": "799", "unit_price": "$7.99/ lb", "name": "Willow Tree Deli Chicken Salad", "cnid": "983", "productId": "139207", "size": "apx 1 lb"},
{"thumb": "http://i4.peapod.com/c/KK/KKNHZ.gif", "price": "499", "unit_price": "$5.67/ lb", "name": "Cedar's Simply Delicious Taboule Salad Fresh Party Size", "cnid": "46539376", "productId": "154385", "size": "14 oz tub"},
{"thumb": "http://i4.peapod.com/c/KK/KKNHZ.gif", "price": "449", "unit_price": "$4.49/ lb", "name": "Deli Broccoli Salad Crunchy", "cnid": "46539376", "productId": "186651", "size": "apx 1 lb"},
{"thumb": "http://i4.peapod.com/c/KK/KKNHZ.gif", "price": "799", "unit_price": "$7.99/ lb", "name": "Deli Chicken Salad", "cnid": "46539376", "productId": "124463", "size": "apx 1 lb"},
{"thumb": "http://i4.peapod.com/c/KK/KKNHZ.gif", "price": "299", "unit_price": "$5.99/ lb", "name": "Deli Egg Salad", "cnid": "46539376", "productId": "57496", "size": "apx 1/2 lb"},
{"thumb": "http://i4.peapod.com/c/KK/KKNHZ.gif", "price": "699", "unit_price": "$6.99/ lb", "name": "Deli Ham Salad", "cnid": "46539376", "productId": "124464", "size": "apx 1 lb"},
{"thumb": "http://i4.peapod.com/c/KK/KKNHZ.gif", "price": "200", "unit_price": "$3.99/ lb", "name": "Deli Macaroni Salad Homestyle", "cnid": "46539376", "productId": "106839", "size": "apx 1/2 lb"},
{"thumb": "http://i4.peapod.com/c/KK/KKNHZ.gif", "price": "399", "unit_price": "$3.99/ lb", "name": "Deli Potato & Egg Salad Homestyle", "cnid": "46539376", "productId": "131171", "size": "apx 1 lb"},
{"thumb": "http://i4.peapod.com/c/KK/KKNHZ.gif", "price": "200", "unit_price": "$3.99/ lb", "name": "Deli Potato Salad Traditional", "cnid": "46539376", "productId": "106613", "size": "apx 1/2 lb"},
{"thumb": "http://i4.peapod.com/c/KK/KKNHZ.gif", "price": "224", "unit_price": "$4.49/ lb", "name": "Deli Seafood Salad with Crab", "cnid": "46539376", "productId": "69200", "size": "apx 1/2 lb"},
{"thumb": "http://i4.peapod.com/c/KK/KKNHZ.gif", "price": "699", "unit_price": "$6.99/ lb", "name": "Deli Tuna Salad", "cnid": "46539376", "productId": "124462", "size": "apx 1 lb"},
{"thumb": "http://i4.peapod.com/c/KK/KKNHZ.gif", "price": "399", "unit_price": "$3.99/ lb", "name": "Hans Kissle Potato Salad German", "cnid": "46539376", "productId": "131038", "size": "apx 1 lb"},
{"thumb": "http://i4.peapod.com/c/KK/KKNHZ.gif", "price": "499", "unit_price": "$.36/ oz", "name": "Joseph's Taboule Salad", "cnid": "46539376", "productId": "132377", "size": "14 oz tub"},
{"thumb": "http://i4.peapod.com/c/KK/KKNHZ.gif", "price": "449", "unit_price": "$4.49/ lb", "name": "Simply Enjoy Taboule Salad", "cnid": "46539376", "productId": "151560", "size": "16 oz tub"},
{"thumb": "http://i4.peapod.com/c/KK/KKNHZ.gif", "price": "449", "unit_price": "$4.49/ lb", "name": "Stop & Shop Deli Cole Slaw Salad Summer", "cnid": "46539376", "productId": "154828", "size": "apx 1 lb"},
{"thumb": "http://i4.peapod.com/c/KK/KKNHZ.gif", "price": "499", "unit_price": "$4.99/ lb", "name": "Stop & Shop Deli Edamame Salad", "cnid": "46539376", "productId": "186649", "size": "apx 1 lb"},
{"thumb": "http://i4.peapod.com/c/KK/KKNHZ.gif", "price": "699", "unit_price": "$6.99/ lb", "name": "Stop & Shop Deli Grilled Chicken Caesar Salad", "cnid": "46539376", "productId": "158771", "size": "apx 1 lb"},
{"thumb": "http://i4.peapod.com/c/KK/KKNHZ.gif", "price": "429", "unit_price": "$4.29/ lb", "name": "Stop & Shop Deli Pasta Salad Bowtie", "cnid": "46539376", "productId": "158769", "size": "apx 1 lb"},
{"thumb": "http://i4.peapod.com/c/KK/KKNHZ.gif", "price": "699", "unit_price": "$6.99/ lb", "name": "Stop & Shop Deli Pasta Salad Greek", "cnid": "46539376", "productId": "154829", "size": "apx 1 lb"},
{"thumb": "http://i4.peapod.com/c/KK/KKNHZ.gif", "price": "499", "unit_price": "$4.99/ lb", "name": "Stop & Shop Deli Pasta Salad Rainbow", "cnid": "46539376", "productId": "131078", "size": "apx 1 lb"},
{"thumb": "http://i4.peapod.com/c/KK/KKNHZ.gif", "price": "224", "unit_price": "$4.49/ lb", "name": "Stop & Shop Deli Potato Salad Red Bliss", "cnid": "46539376", "productId": "106616", "size": "apx 1/2 lb"},
{"thumb": "http://i4.peapod.com/c/KK/KKNHZ.gif", "price": "449", "unit_price": "$4.49/ lb", "name": "Stop & Shop Deli Potato Salad Red Bliss", "cnid": "46539376", "productId": "124468", "size": "apx 1 lb"},
{"thumb": "http://i4.peapod.com/c/KK/KKNHZ.gif", "price": "799", "unit_price": "$7.99/ lb", "name": "Stop & Shop Deli Rotisserie Chicken Salad", "cnid": "46539376", "productId": "158770", "size": "apx 1 lb"},
{"thumb": "http://i4.peapod.com/c/KK/KKNHZ.gif", "price": "799", "unit_price": "$7.99/ lb", "name": "Willow Tree Deli Chicken Salad", "cnid": "46539376", "productId": "139207", "size": "apx 1 lb"},
{"thumb": "http://i4.peapod.com/c/KK/KKNHZ.gif", "price": "499", "unit_price": "$5.67/ lb", "name": "Cedar's Simply Delicious Taboule Salad Fresh Party Size", "cnid": "45539402", "productId": "154385", "size": "14 oz tub"},
{"thumb": "http://i4.peapod.com/c/KK/KKNHZ.gif", "price": "449", "unit_price": "$4.49/ lb", "name": "Deli Broccoli Salad Crunchy", "cnid": "45539402", "productId": "186651", "size": "apx 1 lb"},
{"thumb": "http://i4.peapod.com/c/KK/KKNHZ.gif", "price": "799", "unit_price": "$7.99/ lb", "name": "Deli Chicken Salad", "cnid": "45539402", "productId": "124463", "size": "apx 1 lb"},
{"thumb": "http://i4.peapod.com/c/KK/KKNHZ.gif", "price": "299", "unit_price": "$5.99/ lb", "name": "Deli Egg Salad", "cnid": "45539402", "productId": "57496", "size": "apx 1/2 lb"},
{"thumb": "http://i4.peapod.com/c/KK/KKNHZ.gif", "price": "699", "unit_price": "$6.99/ lb", "name": "Deli Ham Salad", "cnid": "45539402", "productId": "124464", "size": "apx 1 lb"},
{"thumb": "http://i4.peapod.com/c/KK/KKNHZ.gif", "price": "200", "unit_price": "$3.99/ lb", "name": "Deli Macaroni Salad Homestyle", "cnid": "45539402", "productId": "106839", "size": "apx 1/2 lb"},
{"thumb": "http://i4.peapod.com/c/KK/KKNHZ.gif", "price": "399", "unit_price": "$3.99/ lb", "name": "Deli Potato & Egg Salad Homestyle", "cnid": "45539402", "productId": "131171", "size": "apx 1 lb"},
{"thumb": "http://i4.peapod.com/c/KK/KKNHZ.gif", "price": "200", "unit_price": "$3.99/ lb", "name": "Deli Potato Salad Traditional", "cnid": "45539402", "productId": "106613", "size": "apx 1/2 lb"},
{"thumb": "http://i4.peapod.com/c/KK/KKNHZ.gif", "price": "224", "unit_price": "$4.49/ lb", "name": "Deli Seafood Salad with Crab", "cnid": "45539402", "productId": "69200", "size": "apx 1/2 lb"},
{"thumb": "http://i4.peapod.com/c/KK/KKNHZ.gif", "price": "699", "unit_price": "$6.99/ lb", "name": "Deli Tuna Salad", "cnid": "45539402", "productId": "124462", "size": "apx 1 lb"},
{"thumb": "http://i4.peapod.com/c/KK/KKNHZ.gif", "price": "399", "unit_price": "$3.99/ lb", "name": "Hans Kissle Potato Salad German", "cnid": "45539402", "productId": "131038", "size": "apx 1 lb"},
{"thumb": "http://i4.peapod.com/c/KK/KKNHZ.gif", "price": "499", "unit_price": "$.36/ oz", "name": "Joseph's Taboule Salad", "cnid": "45539402", "productId": "132377", "size": "14 oz tub"},
{"thumb": "http://i4.peapod.com/c/KK/KKNHZ.gif", "price": "449", "unit_price": "$4.49/ lb", "name": "Simply Enjoy Taboule Salad", "cnid": "45539402", "productId": "151560", "size": "16 oz tub"},
{"thumb": "http://i4.peapod.com/c/KK/KKNHZ.gif", "price": "449", "unit_price": "$4.49/ lb", "name": "Stop & Shop Deli Cole Slaw Salad Summer", "cnid": "45539402", "productId": "154828", "size": "apx 1 lb"},
{"thumb": "http://i4.peapod.com/c/KK/KKNHZ.gif", "price": "499", "unit_price": "$4.99/ lb", "name": "Stop & Shop Deli Edamame Salad", "cnid": "45539402", "productId": "186649", "size": "apx 1 lb"},
{"thumb": "http://i4.peapod.com/c/KK/KKNHZ.gif", "price": "699", "unit_price": "$6.99/ lb", "name": "Stop & Shop Deli Grilled Chicken Caesar Salad", "cnid": "45539402", "productId": "158771", "size": "apx 1 lb"},
{"thumb": "http://i4.peapod.com/c/KK/KKNHZ.gif", "price": "429", "unit_price": "$4.29/ lb", "name": "Stop & Shop Deli Pasta Salad Bowtie", "cnid": "45539402", "productId": "158769", "size": "apx 1 lb"},
{"thumb": "http://i4.peapod.com/c/KK/KKNHZ.gif", "price": "699", "unit_price": "$6.99/ lb", "name": "Stop & Shop Deli Pasta Salad Greek", "cnid": "45539402", "productId": "154829", "size": "apx 1 lb"},
{"thumb": "http://i4.peapod.com/c/KK/KKNHZ.gif", "price": "499", "unit_price": "$4.99/ lb", "name": "Stop & Shop Deli Pasta Salad Rainbow", "cnid": "45539402", "productId": "131078", "size": "apx 1 lb"},
{"thumb": "http://i4.peapod.com/c/KK/KKNHZ.gif", "price": "224", "unit_price": "$4.49/ lb", "name": "Stop & Shop Deli Potato Salad Red Bliss", "cnid": "45539402", "productId": "106616", "size": "apx 1/2 lb"},
{"thumb": "http://i4.peapod.com/c/KK/KKNHZ.gif", "price": "449", "unit_price": "$4.49/ lb", "name": "Stop & Shop Deli Potato Salad Red Bliss", "cnid": "45539402", "productId": "124468", "size": "apx 1 lb"},
{"thumb": "http://i4.peapod.com/c/KK/KKNHZ.gif", "price": "799", "unit_price": "$7.99/ lb", "name": "Stop & Shop Deli Rotisserie Chicken Salad", "cnid": "45539402", "productId": "158770", "size": "apx 1 lb"},
{"thumb": "http://i4.peapod.com/c/KK/KKNHZ.gif", "price": "799", "unit_price": "$7.99/ lb", "name": "Willow Tree Deli Chicken Salad", "cnid": "45539402", "productId": "139207", "size": "apx 1 lb"},
{"thumb": "http://i4.peapod.com/c/KK/KKNHZ.gif", "price": "499", "unit_price": "$5.67/ lb", "name": "Cedar's Simply Delicious Taboule Salad Fresh Party Size", "cnid": "2098202054269", "productId": "154385", "size": "14 oz tub"},
{"thumb": "http://i4.peapod.com/c/KK/KKNHZ.gif", "price": "449", "unit_price": "$4.49/ lb", "name": "Deli Broccoli Salad Crunchy", "cnid": "2098202054269", "productId": "186651", "size": "apx 1 lb"},
{"thumb": "http://i4.peapod.com/c/KK/KKNHZ.gif", "price": "799", "unit_price": "$7.99/ lb", "name": "Deli Chicken Salad", "cnid": "2098202054269", "productId": "124463", "size": "apx 1 lb"},
{"thumb": "http://i4.peapod.com/c/KK/KKNHZ.gif", "price": "299", "unit_price": "$5.99/ lb", "name": "Deli Egg Salad", "cnid": "2098202054269", "productId": "57496", "size": "apx 1/2 lb"},
{"thumb": "http://i4.peapod.com/c/KK/KKNHZ.gif", "price": "699", "unit_price": "$6.99/ lb", "name": "Deli Ham Salad", "cnid": "2098202054269", "productId": "124464", "size": "apx 1 lb"},
{"thumb": "http://i4.peapod.com/c/KK/KKNHZ.gif", "price": "200", "unit_price": "$3.99/ lb", "name": "Deli Macaroni Salad Homestyle", "cnid": "2098202054269", "productId": "106839", "size": "apx 1/2 lb"},
{"thumb": "http://i4.peapod.com/c/KK/KKNHZ.gif", "price": "399", "unit_price": "$3.99/ lb", "name": "Deli Potato & Egg Salad Homestyle", "cnid": "2098202054269", "productId": "131171", "size": "apx 1 lb"},
{"thumb": "http://i4.peapod.com/c/KK/KKNHZ.gif", "price": "200", "unit_price": "$3.99/ lb", "name": "Deli Potato Salad Traditional", "cnid": "2098202054269", "productId": "106613", "size": "apx 1/2 lb"},
{"thumb": "http://i4.peapod.com/c/KK/KKNHZ.gif", "price": "224", "unit_price": "$4.49/ lb", "name": "Deli Seafood Salad with Crab", "cnid": "2098202054269", "productId": "69200", "size": "apx 1/2 lb"},
{"thumb": "http://i4.peapod.com/c/KK/KKNHZ.gif", "price": "699", "unit_price": "$6.99/ lb", "name": "Deli Tuna Salad", "cnid": "2098202054269", "productId": "124462", "size": "apx 1 lb"},
{"thumb": "http://i4.peapod.com/c/KK/KKNHZ.gif", "price": "399", "unit_price": "$3.99/ lb", "name": "Hans Kissle Potato Salad German", "cnid": "2098202054269", "productId": "131038", "size": "apx 1 lb"},
{"thumb": "http://i4.peapod.com/c/KK/KKNHZ.gif", "price": "499", "unit_price": "$.36/ oz", "name": "Joseph's Taboule Salad", "cnid": "2098202054269", "productId": "132377", "size": "14 oz tub"},
{"thumb": "http://i4.peapod.com/c/KK/KKNHZ.gif", "price": "449", "unit_price": "$4.49/ lb", "name": "Simply Enjoy Taboule Salad", "cnid": "2098202054269", "productId": "151560", "size": "16 oz tub"},
{"thumb": "http://i4.peapod.com/c/KK/KKNHZ.gif", "price": "449", "unit_price": "$4.49/ lb", "name": "Stop & Shop Deli Cole Slaw Salad Summer", "cnid": "2098202054269", "productId": "154828", "size": "apx 1 lb"},
{"thumb": "http://i4.peapod.com/c/KK/KKNHZ.gif", "price": "499", "unit_price": "$4.99/ lb", "name": "Stop & Shop Deli Edamame Salad", "cnid": "2098202054269", "productId": "186649", "size": "apx 1 lb"},
{"thumb": "http://i4.peapod.com/c/KK/KKNHZ.gif", "price": "699", "unit_price": "$6.99/ lb", "name": "Stop & Shop Deli Grilled Chicken Caesar Salad", "cnid": "2098202054269", "productId": "158771", "size": "apx 1 lb"},
{"thumb": "http://i4.peapod.com/c/KK/KKNHZ.gif", "price": "429", "unit_price": "$4.29/ lb", "name": "Stop & Shop Deli Pasta Salad Bowtie", "cnid": "2098202054269", "productId": "158769", "size": "apx 1 lb"},
{"thumb": "http://i4.peapod.com/c/KK/KKNHZ.gif", "price": "699", "unit_price": "$6.99/ lb", "name": "Stop & Shop Deli Pasta Salad Greek", "cnid": "2098202054269", "productId": "154829", "size": "apx 1 lb"},
{"thumb": "http://i4.peapod.com/c/KK/KKNHZ.gif", "price": "499", "unit_price": "$4.99/ lb", "name": "Stop & Shop Deli Pasta Salad Rainbow", "cnid": "2098202054269", "productId": "131078", "size": "apx 1 lb"},
{"thumb": "http://i4.peapod.com/c/KK/KKNHZ.gif", "price": "224", "unit_price": "$4.49/ lb", "name": "Stop & Shop Deli Potato Salad Red Bliss", "cnid": "2098202054269", "productId": "106616", "size": "apx 1/2 lb"},
{"thumb": "http://i4.peapod.com/c/KK/KKNHZ.gif", "price": "449", "unit_price": "$4.49/ lb", "name": "Stop & Shop Deli Potato Salad Red Bliss", "cnid": "2098202054269", "productId": "124468", "size": "apx 1 lb"},
{"thumb": "http://i4.peapod.com/c/KK/KKNHZ.gif", "price": "799", "unit_price": "$7.99/ lb", "name": "Stop & Shop Deli Rotisserie Chicken Salad", "cnid": "2098202054269", "productId": "158770", "size": "apx 1 lb"},
{"thumb": "http://i4.peapod.com/c/KK/KKNHZ.gif", "price": "799", "unit_price": "$7.99/ lb", "name": "Willow Tree Deli Chicken Salad", "cnid": "2098202054269", "productId": "139207", "size": "apx 1 lb"},
{"thumb": "http://i4.peapod.com/c/KK/KKNHZ.gif", "price": "499", "unit_price": "$5.67/ lb", "name": "Cedar's Simply Delicious Taboule Salad Fresh Party Size", "cnid": "20982038113", "productId": "154385", "size": "14 oz tub"},
{"thumb": "http://i4.peapod.com/c/KK/KKNHZ.gif", "price": "449", "unit_price": "$4.49/ lb", "name": "Deli Broccoli Salad Crunchy", "cnid": "20982038113", "productId": "186651", "size": "apx 1 lb"},
{"thumb": "http://i4.peapod.com/c/KK/KKNHZ.gif", "price": "799", "unit_price": "$7.99/ lb", "name": "Deli Chicken Salad", "cnid": "20982038113", "productId": "124463", "size": "apx 1 lb"},
{"thumb": "http://i4.peapod.com/c/KK/KKNHZ.gif", "price": "299", "unit_price": "$5.99/ lb", "name": "Deli Egg Salad", "cnid": "20982038113", "productId": "57496", "size": "apx 1/2 lb"},
{"thumb": "http://i4.peapod.com/c/KK/KKNHZ.gif", "price": "699", "unit_price": "$6.99/ lb", "name": "Deli Ham Salad", "cnid": "20982038113", "productId": "124464", "size": "apx 1 lb"},
{"thumb": "http://i4.peapod.com/c/KK/KKNHZ.gif", "price": "200", "unit_price": "$3.99/ lb", "name": "Deli Macaroni Salad Homestyle", "cnid": "20982038113", "productId": "106839", "size": "apx 1/2 lb"},
{"thumb": "http://i4.peapod.com/c/KK/KKNHZ.gif", "price": "399", "unit_price": "$3.99/ lb", "name": "Deli Potato & Egg Salad Homestyle", "cnid": "20982038113", "productId": "131171", "size": "apx 1 lb"},
{"thumb": "http://i4.peapod.com/c/KK/KKNHZ.gif", "price": "200", "unit_price": "$3.99/ lb", "name": "Deli Potato Salad Traditional", "cnid": "20982038113", "productId": "106613", "size": "apx 1/2 lb"},
{"thumb": "http://i4.peapod.com/c/KK/KKNHZ.gif", "price": "224", "unit_price": "$4.49/ lb", "name": "Deli Seafood Salad with Crab", "cnid": "20982038113", "productId": "69200", "size": "apx 1/2 lb"},
{"thumb": "http://i4.peapod.com/c/KK/KKNHZ.gif", "price": "699", "unit_price": "$6.99/ lb", "name": "Deli Tuna Salad", "cnid": "20982038113", "productId": "124462", "size": "apx 1 lb"},
{"thumb": "http://i4.peapod.com/c/KK/KKNHZ.gif", "price": "399", "unit_price": "$3.99/ lb", "name": "Hans Kissle Potato Salad German", "cnid": "20982038113", "productId": "131038", "size": "apx 1 lb"},
{"thumb": "http://i4.peapod.com/c/KK/KKNHZ.gif", "price": "499", "unit_price": "$.36/ oz", "name": "Joseph's Taboule Salad", "cnid": "20982038113", "productId": "132377", "size": "14 oz tub"},
{"thumb": "http://i4.peapod.com/c/KK/KKNHZ.gif", "price": "449", "unit_price": "$4.49/ lb", "name": "Simply Enjoy Taboule Salad", "cnid": "20982038113", "productId": "151560", "size": "16 oz tub"},
{"thumb": "http://i4.peapod.com/c/KK/KKNHZ.gif", "price": "449", "unit_price": "$4.49/ lb", "name": "Stop & Shop Deli Cole Slaw Salad Summer", "cnid": "20982038113", "productId": "154828", "size": "apx 1 lb"},
{"thumb": "http://i4.peapod.com/c/KK/KKNHZ.gif", "price": "499", "unit_price": "$4.99/ lb", "name": "Stop & Shop Deli Edamame Salad", "cnid": "20982038113", "productId": "186649", "size": "apx 1 lb"},
{"thumb": "http://i4.peapod.com/c/KK/KKNHZ.gif", "price": "699", "unit_price": "$6.99/ lb", "name": "Stop & Shop Deli Grilled Chicken Caesar Salad", "cnid": "20982038113", "productId": "158771", "size": "apx 1 lb"},
{"thumb": "http://i4.peapod.com/c/KK/KKNHZ.gif", "price": "429", "unit_price": "$4.29/ lb", "name": "Stop & Shop Deli Pasta Salad Bowtie", "cnid": "20982038113", "productId": "158769", "size": "apx 1 lb"},
{"thumb": "http://i4.peapod.com/c/KK/KKNHZ.gif", "price": "699", "unit_price": "$6.99/ lb", "name": "Stop & Shop Deli Pasta Salad Greek", "cnid": "20982038113", "productId": "154829", "size": "apx 1 lb"},
{"thumb": "http://i4.peapod.com/c/KK/KKNHZ.gif", "price": "499", "unit_price": "$4.99/ lb", "name": "Stop & Shop Deli Pasta Salad Rainbow", "cnid": "20982038113", "productId": "131078", "size": "apx 1 lb"},
{"thumb": "http://i4.peapod.com/c/KK/KKNHZ.gif", "price": "224", "unit_price": "$4.49/ lb", "name": "Stop & Shop Deli Potato Salad Red Bliss", "cnid": "20982038113", "productId": "106616", "size": "apx 1/2 lb"},
{"thumb": "http://i4.peapod.com/c/KK/KKNHZ.gif", "price": "449", "unit_price": "$4.49/ lb", "name": "Stop & Shop Deli Potato Salad Red Bliss", "cnid": "20982038113", "productId": "124468", "size": "apx 1 lb"},
{"thumb": "http://i4.peapod.com/c/KK/KKNHZ.gif", "price": "799", "unit_price": "$7.99/ lb", "name": "Stop & Shop Deli Rotisserie Chicken Salad", "cnid": "20982038113", "productId": "158770", "size": "apx 1 lb"},
{"thumb": "http://i4.peapod.com/c/KK/KKNHZ.gif", "price": "799", "unit_price": "$7.99/ lb", "name": "Willow Tree Deli Chicken Salad", "cnid": "20982038113", "productId": "139207", "size": "apx 1 lb"},
{"thumb": "http://i4.peapod.com/c/KK/KKNHZ.gif", "price": "250", "unit_price": "$.18/ oz", "name": "Nasoya Tofu Firm Lite Organic", "cnid": "2330", "productId": "125013", "size": "14 oz pkg"},
{"thumb": "http://i4.peapod.com/c/KK/KKNHZ.gif", "price": "250", "unit_price": "$.18/ oz", "name": "Nasoya Tofu Super Firm Cubed Organic", "cnid": "2330", "productId": "159566", "size": "14 oz pkg"},
{"thumb": "http://i4.peapod.com/c/KK/KKNHZ.gif", "price": "250", "unit_price": "$.18/ oz", "name": "Nature's Promise Organics Tofu Extra Firm", "cnid": "2330", "productId": "142340", "size": "14 oz pkg"},
{"thumb": "http://i4.peapod.com/c/KK/KKNHZ.gif", "price": "250", "unit_price": "$.18/ oz", "name": "Nature's Promise Organics Tofu Firm", "cnid": "2330", "productId": "142341", "size": "14 oz pkg"},
{"thumb": "http://i4.peapod.com/c/KK/KKNHZ.gif", "price": "250", "unit_price": "$.16/ oz", "name": "Tofu Silken Lite Organic", "cnid": "2330", "productId": "130820", "size": "16 oz pkg"},
{"thumb": "http://i4.peapod.com/c/KK/KKNHZ.gif", "price": "250", "unit_price": "$.17/ oz", "name": "Tofu Soft Organic", "cnid": "2330", "productId": "130821", "size": "15 oz pkg"},
{"thumb": "http://i4.peapod.com/c/KK/KKNHZ.gif", "price": "449", "unit_price": "$4.49/ ea", "name": "Apples Green Slices Mott's - 6 pk", "cnid": "2275", "productId": "152067", "size": "12 oz pkg"},
{"thumb": "http://i4.peapod.com/c/KK/KKNHZ.gif", "price": "449", "unit_price": "$4.49/ ea", "name": "Apples Red Slices Mott's - 6 pk", "cnid": "2275", "productId": "152066", "size": "12 oz pkg"},
{"thumb": "http://i4.peapod.com/c/KK/KKNHZ.gif", "price": "299", "unit_price": "$2.99/ ea", "name": "Broccoli & Carrots Microwave in Bag Mann's", "cnid": "2275", "productId": "159119", "size": "12 oz bag"},
{"thumb": "http://i4.peapod.com/c/KK/KKNHZ.gif", "price": "349", "unit_price": "$3.49/ ea", "name": "Broccoli & Carrots Nature's Promise Organics", "cnid": "2275", "productId": "131395", "size": "10 oz bag"},
{"thumb": "http://i4.peapod.com/c/KK/KKNHZ.gif", "price": "299", "unit_price": "$2.99/ ea", "name": "Broccoli & Cauliflower Microwave in Bag Mann's", "cnid": "2275", "productId": "124137", "size": "12 oz bag"},
{"thumb": "http://i4.peapod.com/c/KK/KKNHZ.gif", "price": "129", "unit_price": "$1.29/ ea", "name": "Broccoli Crowns", "cnid": "2275", "productId": "118645", "size": "1 head"},
{"thumb": "http://i4.peapod.com/c/KK/KKNHZ.gif", "price": "349", "unit_price": "$3.49/ ea", "name": "Broccoli Florets Nature's Promise Organics", "cnid": "2275", "productId": "131396", "size": "10 oz bag"},
{"thumb": "http://i4.peapod.com/c/KK/KKNHZ.gif", "price": "299", "unit_price": "$2.99/ ea", "name": "Broccoli Florettes Broccoli Wokly Microwave in Bag Mann's", "cnid": "2275", "productId": "118759", "size": "12 oz bag"},
{"thumb": "http://i4.peapod.com/c/KK/KKNHZ.gif", "price": "349", "unit_price": "$3.49/ ea", "name": "Broccoli Slaw Nature's Promise Organics", "cnid": "2275", "productId": "131393", "size": "10 oz bag"},
{"thumb": "http://i4.peapod.com/c/KK/KKNHZ.gif", "price": "199", "unit_price": "$1.99/ ea", "name": "Cabbage Red Shredded", "cnid": "2275", "productId": "153840", "size": "10 oz bag"},
{"thumb": "http://i4.peapod.com/c/KK/KKNHZ.gif", "price": "399", "unit_price": "$3.99/ ea", "name": "Carrot & Celery Sticks Stop & Shop", "cnid": "2275", "productId": "152071", "size": "14 oz tub"},
{"thumb": "http://i4.peapod.com/c/KK/KKNHZ.gif", "price": "249", "unit_price": "$2.49/ ea", "name": "Carrots Baby Nature's Promise Organics", "cnid": "2275", "productId": "140163", "size": "16 oz bag"},
{"thumb": "http://i4.peapod.com/c/KK/KKNHZ.gif", "price": "329", "unit_price": "$3.29/ ea", "name": "Carrots Baby Peeled Stop & Shop", "cnid": "2275", "productId": "118782", "size": "32 oz bag"},
{"thumb": "http://i4.peapod.com/c/KK/KKNHZ.gif", "price": "100", "unit_price": "$1.00/ ea", "name": "Carrots Baby Peeled Stop & Shop", "cnid": "2275", "productId": "118781", "size": "16 oz bag"},
{"thumb": "http://i4.peapod.com/c/KK/KKNHZ.gif", "price": "199", "unit_price": "$1.99/ ea", "name": "Carrots Premium Matchstix (Shredded) Bolthouse Farms", "cnid": "2275", "productId": "27862", "size": "10 oz bag"},
{"thumb": "http://i4.peapod.com/c/KK/KKNHZ.gif", "price": "349", "unit_price": "$.29/ ea", "name": "Carrots Premium Sweet Petites Bolthouse Farms", "cnid": "2275", "productId": "158361", "size": "12 oz bag"},
{"thumb": "http://i4.peapod.com/c/KK/KKNHZ.gif", "price": "250", "unit_price": "$2.50/ ea", "name": "Celery Sticks Cut Stop & Shop", "cnid": "2275", "productId": "186567", "size": "16 oz pkg"},
{"thumb": "http://i4.peapod.com/c/KK/KKNHZ.gif", "price": "399", "unit_price": "$3.99/ ea", "name": "Celery Sticks Stop & Shop", "cnid": "2275", "productId": "137526", "size": "14 oz tub"},
{"thumb": "http://i4.peapod.com/c/KK/KKNHZ.gif", "price": "299", "unit_price": "$2.99/ ea", "name": "Cole Slaw Broccoli Mann's", "cnid": "2275", "productId": "124138", "size": "12 oz bag"},
{"thumb": "http://i4.peapod.com/c/KK/KKNHZ.gif", "price": "199", "unit_price": "$1.99/ ea", "name": "Cole Slaw Dole Classic All Natural", "cnid": "2275", "productId": "110058", "size": "14 oz bag"},
{"thumb": "http://i4.peapod.com/c/KK/KKNHZ.gif", "price": "249", "unit_price": "$2.49/ ea", "name": "Cole Slaw Dole Kit Creamy All Natural", "cnid": "2275", "productId": "164841", "size": "11 oz bag"},
{"thumb": "http://i4.peapod.com/c/KK/KKNHZ.gif", "price": "159", "unit_price": "$1.59/ ea", "name": "Del Monte Fruit Naturals Cherry Mixed Fruit in Extra Light Syrup", "cnid": "2275", "productId": "143525", "size": "7 oz cup"},
{"thumb": "http://i4.peapod.com/c/KK/KKNHZ.gif", "price": "159", "unit_price": "$1.59/ ea", "name": "Del Monte Fruit Naturals Citrus Salad in Extra Light Syrup", "cnid": "2275", "productId": "141198", "size": "7 oz cup"},
{"thumb": "http://i4.peapod.com/c/KK/KKNHZ.gif", "price": "159", "unit_price": "$1.59/ ea", "name": "Del Monte Fruit Naturals Grapefruit Red in Extra Light Syrup", "cnid": "2275", "productId": "133896", "size": "7 oz cup"},
{"thumb": "http://i4.peapod.com/c/KK/KKNHZ.gif", "price": "159", "unit_price": "$1.59/ ea", "name": "Del Monte Fruit Naturals Grapefruit Red No Sugar Added", "cnid": "2275", "productId": "158949", "size": "6.5 oz cup"},
{"thumb": "http://i4.peapod.com/c/KK/KKNHZ.gif", "price": "159", "unit_price": "$1.59/ ea", "name": "Del Monte Fruit Naturals Mandarin Oranges in Extra Light Syrup", "cnid": "2275", "productId": "141197", "size": "7 oz cup"},
{"thumb": "http://i4.peapod.com/c/KK/KKNHZ.gif", "price": "159", "unit_price": "$1.59/ ea", "name": "Del Monte Fruit Naturals Peach Chunks Yellow Cling in Extra Light Syrup", "cnid": "2275", "productId": "133897", "size": "7 oz cup"},
{"thumb": "http://i4.peapod.com/c/KK/KKNHZ.gif", "price": "399", "unit_price": "$3.99/ ea", "name": "Del Monte Orchard Select Peaches Cling Sliced", "cnid": "2275", "productId": "127306", "size": "20 oz jar"},
{"thumb": "http://i4.peapod.com/c/KK/KKNHZ.gif", "price": "399", "unit_price": "$3.99/ ea", "name": "Del Monte Orchard Select Peaches Cling Sliced No Sugar Added", "cnid": "2275", "productId": "159559", "size": "19 oz jar"},
{"thumb": "http://i4.peapod.com/c/KK/KKNHZ.gif", "price": "499", "unit_price": "$4.99/ ea", "name": "Del Monte Pineapple Cored", "cnid": "2275", "productId": "125717", "size": "20 oz tub"},
{"thumb": "http://i4.peapod.com/c/KK/KKNHZ.gif", "price": "399", "unit_price": "$3.99/ ea", "name": "Del Monte SunFresh Citrus Salad in Extra Light Syrup", "cnid": "2275", "productId": "48187", "size": "20 oz jar"},
{"thumb": "http://i4.peapod.com/c/KK/KKNHZ.gif", "price": "399", "unit_price": "$3.99/ ea", "name": "Del Monte SunFresh Grapefruit Red in Extra Light Syrup", "cnid": "2275", "productId": "20910", "size": "20 oz jar"},
{"thumb": "http://i4.peapod.com/c/KK/KKNHZ.gif", "price": "799", "unit_price": "$7.99/ ea", "name": "Del Monte SunFresh Grapefruit Red in Slightly Sweetened Juice", "cnid": "2275", "productId": "159458", "size": "64 oz jar"},
{"thumb": "http://i4.peapod.com/c/KK/KKNHZ.gif", "price": "399", "unit_price": "$3.99/ ea", "name": "Del Monte SunFresh Tropical Fruit in Light Syrup with Passion Fruit Juice", "cnid": "2275", "productId": "159459", "size": "20 oz jar"},
{"thumb": "http://i4.peapod.com/c/KK/KKNHZ.gif", "price": "349", "unit_price": "$3.49/ ea", "name": "Fruit Mixed", "cnid": "2275", "productId": "145301", "size": "10 oz cup"},
{"thumb": "http://i4.peapod.com/c/KK/KKNHZ.gif", "price": "499", "unit_price": "$4.99/ ea", "name": "Fruit Mixed", "cnid": "2275", "productId": "145302", "size": "22 oz cup"},
{"thumb": "http://i4.peapod.com/c/KK/KKNHZ.gif", "price": "1199", "unit_price": "$11.99/ ea", "name": "Fruit Platter Small Cuts Serves 4-5", "cnid": "2275", "productId": "145303", "size": "apx 2 lb"},
{"thumb": "http://i4.peapod.com/c/KK/KKNHZ.gif", "price": "699", "unit_price": "$6.99/ ea", "name": "GreenLine Beans Green Trimmed", "cnid": "2275", "productId": "152820", "size": "32 oz bag"},
{"thumb": "http://i4.peapod.com/c/KK/KKNHZ.gif", "price": "349", "unit_price": "$3.49/ ea", "name": "GreenLine Beans Green Trimmed", "cnid": "2275", "productId": "137014", "size": "12 oz bag"},
{"thumb": "http://i4.peapod.com/c/KK/KKNHZ.gif", "price": "349", "unit_price": "$3.49/ ea", "name": "Herbs Basil", "cnid": "2275", "productId": "118568", "size": "2.5 oz pkg"},
{"thumb": "http://i4.peapod.com/c/KK/KKNHZ.gif", "price": "199", "unit_price": "$1.99/ ea", "name": "Herbs Basil Stop & Shop", "cnid": "2275", "productId": "121158", "size": ".75 oz pkg"},
{"thumb": "http://i4.peapod.com/c/KK/KKNHZ.gif", "price": "169", "unit_price": "$1.69/ ea", "name": "Herbs Bay Leaves", "cnid": "2275", "productId": "143459", "size": ".75 oz pkg"},
{"thumb": "http://i4.peapod.com/c/KK/KKNHZ.gif", "price": "199", "unit_price": "$1.99/ ea", "name": "Herbs Dill", "cnid": "2275", "productId": "159440", "size": ".75 oz pkg"},
{"thumb": "http://i4.peapod.com/c/KK/KKNHZ.gif", "price": "199", "unit_price": "$1.99/ ea", "name": "Herbs Mint Fresh", "cnid": "2275", "productId": "131064", "size": ".75 oz pkg"},
{"thumb": "http://i4.peapod.com/c/KK/KKNHZ.gif", "price": "199", "unit_price": "$1.99/ ea", "name": "Herbs Oregano", "cnid": "2275", "productId": "127032", "size": ".67 oz pkg"},
{"thumb": "http://i4.peapod.com/c/KK/KKNHZ.gif", "price": "249", "unit_price": "$2.49/ ea", "name": "Herbs Rosemary Skewers - 3 ct", "cnid": "2275", "productId": "143460", "size": "1 pkg"},
{"thumb": "http://i4.peapod.com/c/KK/KKNHZ.gif", "price": "199", "unit_price": "$1.99/ ea", "name": "Herbs Rosemary Stop & Shop", "cnid": "2275", "productId": "121161", "size": ".75 oz pkg"},
{"thumb": "http://i4.peapod.com/c/KK/KKNHZ.gif", "price": "169", "unit_price": "$1.69/ ea", "name": "Herbs Sage Fresh", "cnid": "2275", "productId": "131141", "size": ".75 oz pkg"},
{"thumb": "http://i4.peapod.com/c/KK/KKNHZ.gif", "price": "169", "unit_price": "$1.69/ ea", "name": "Herbs Tarragon", "cnid": "2275", "productId": "131447", "size": ".75 oz pkt"},
{"thumb": "http://i4.peapod.com/c/KK/KKNHZ.gif", "price": "199", "unit_price": "$1.99/ ea", "name": "Herbs Thyme Stop & Shop", "cnid": "2275", "productId": "121163", "size": ".75 oz pkg"},
{"thumb": "http://i4.peapod.com/c/KK/KKNHZ.gif", "price": "349", "unit_price": "$3.49/ ea", "name": "Lettuce Arugula", "cnid": "2275", "productId": "125303", "size": "2.5 oz pkg"},
{"thumb": "http://i4.peapod.com/c/KK/KKNHZ.gif", "price": "1499", "unit_price": "$14.99/ ea", "name": "Luau Bowl Cut Mixed Fruit", "cnid": "2275", "productId": "145305", "size": "50 oz pkg"},
{"thumb": "http://i4.peapod.com/c/KK/KKNHZ.gif", "price": "499", "unit_price": "$4.99/ ea", "name": "Melon Cantaloupe Chunks", "cnid": "2275", "productId": "145298", "size": "22 oz cup"},
{"thumb": "http://i4.peapod.com/c/KK/KKNHZ.gif", "price": "349", "unit_price": "$3.49/ ea", "name": "Melon Watermelon Chunks", "cnid": "2275", "productId": "145299", "size": "10 oz cup"},
{"thumb": "http://i4.peapod.com/c/KK/KKNHZ.gif", "price": "599", "unit_price": "$5.99/ ea", "name": "Melon Watermelon Hearts Fresh Cuts", "cnid": "2275", "productId": "187802", "size": "21 oz pkg"},
{"thumb": "http://i4.peapod.com/c/KK/KKNHZ.gif", "price": "199", "unit_price": "$1.99/ ea", "name": "Mushrooms Baby Bella Sliced Stop & Shop", "cnid": "2275", "productId": "130736", "size": "8 oz pkg"},
{"thumb": "http://i4.peapod.com/c/KK/KKNHZ.gif", "price": "349", "unit_price": "$3.49/ ea", "name": "Mushrooms Portabella Caps Stop & Shop - 2-4 ct", "cnid": "2275", "productId": "118786", "size": "6 oz pkg"},
{"thumb": "http://i4.peapod.com/c/KK/KKNHZ.gif", "price": "349", "unit_price": "$3.49/ ea", "name": "Mushrooms Portabella Sliced", "cnid": "2275", "productId": "121170", "size": "6 oz pkg"},
{"thumb": "http://i4.peapod.com/c/KK/KKNHZ.gif", "price": "369", "unit_price": "$3.69/ ea", "name": "Mushrooms White Sliced", "cnid": "2275", "productId": "186568", "size": "16 oz pkg"},
{"thumb": "http://i4.peapod.com/c/KK/KKNHZ.gif", "price": "199", "unit_price": "$1.99/ ea", "name": "Mushrooms White Sliced Stop & Shop", "cnid": "2275", "productId": "118792", "size": "8 oz pkg"},
{"thumb": "http://i4.peapod.com/c/KK/KKNHZ.gif", "price": "229", "unit_price": "$.51/ oz", "name": "Pastene Garlic Minced", "cnid": "2275", "productId": "161248", "size": "4.5 oz jar"},
{"thumb": "http://i4.peapod.com/c/KK/KKNHZ.gif", "price": "299", "unit_price": "$2.99/ ea", "name": "Peas Snow Gourmet Mann's", "cnid": "2275", "productId": "150553", "size": "6 oz bag"},
{"thumb": "http://i4.peapod.com/c/KK/KKNHZ.gif", "price": "399", "unit_price": "$3.99/ ea", "name": "Peas Sugar Snap Baby Stop & Shop", "cnid": "2275", "productId": "159117", "size": "8 oz pkg"},
{"thumb": "http://i4.peapod.com/c/KK/KKNHZ.gif", "price": "299", "unit_price": "$2.99/ ea", "name": "Peas Sugar Snap Stringless Mann's", "cnid": "2275", "productId": "150554", "size": "8 oz bag"},
{"thumb": "http://i4.peapod.com/c/KK/KKNHZ.gif", "price": "349", "unit_price": "$3.49/ ea", "name": "Pineapple Golden Rings", "cnid": "2275", "productId": "131098", "size": "10 oz cup"},
{"thumb": "http://i4.peapod.com/c/KK/KKNHZ.gif", "price": "200", "unit_price": "$2.00/ ea", "name": "Ready Pac Ready Snax Snack Pac Hummus & Veggies", "cnid": "2275", "productId": "159124", "size": "5.3 oz pkg"},
{"thumb": "http://i4.peapod.com/c/KK/KKNHZ.gif", "price": "299", "unit_price": "$2.99/ ea", "name": "Salad Confetti Ready Pac (Cabbage, Carrots, Celery, Peppers, Broccoli)", "cnid": "2275", "productId": "164809", "size": "6.5 oz pkg"},
{"thumb": "http://i4.peapod.com/c/KK/KKNHZ.gif", "price": "299", "unit_price": "$2.99/ ea", "name": "Salad Dole American Blend All Natural", "cnid": "2275", "productId": "118748", "size": "12 oz bag"},
{"thumb": "http://i4.peapod.com/c/KK/KKNHZ.gif", "price": "299", "unit_price": "$2.99/ ea", "name": "Salad Dole Arugula All Natural", "cnid": "2275", "productId": "164840", "size": "5 oz bag"},
{"thumb": "http://i4.peapod.com/c/KK/KKNHZ.gif", "price": "369", "unit_price": "$3.69/ ea", "name": "Salad Dole Baby Garden Blend All Natural", "cnid": "2275", "productId": "153972", "size": "5 oz pkg"},
{"thumb": "http://i4.peapod.com/c/KK/KKNHZ.gif", "price": "299", "unit_price": "$2.99/ ea", "name": "Salad Dole Butter Bliss All Natural", "cnid": "2275", "productId": "160908", "size": "6 oz bag"},
{"thumb": "http://i4.peapod.com/c/KK/KKNHZ.gif", "price": "199", "unit_price": "$1.99/ ea", "name": "Salad Dole Classic Iceberg with Carrots & Red Cabbage All Natural", "cnid": "2275", "productId": "118744", "size": "12 oz bag"},
{"thumb": "http://i4.peapod.com/c/KK/KKNHZ.gif", "price": "299", "unit_price": "$2.99/ ea", "name": "Salad Dole Classic Romaine with Carrots & Red Cabbage All Natural", "cnid": "2275", "productId": "131012", "size": "9 oz bag"},
{"thumb": "http://i4.peapod.com/c/KK/KKNHZ.gif", "price": "299", "unit_price": "$2.99/ ea", "name": "Salad Dole Field Greens All Natural", "cnid": "2275", "productId": "132754", "size": "9 oz bag"},
{"thumb": "http://i4.peapod.com/c/KK/KKNHZ.gif", "price": "299", "unit_price": "$2.99/ ea", "name": "Salad Dole Greener Selection All Natural", "cnid": "2275", "productId": "118747", "size": "12 oz bag"},
{"thumb": "http://i4.peapod.com/c/KK/KKNHZ.gif", "price": "299", "unit_price": "$2.99/ ea", "name": "Salad Dole Hearts of Romaine All Natural", "cnid": "2275", "productId": "128454", "size": "10 oz bag"},
{"thumb": "http://i4.peapod.com/c/KK/KKNHZ.gif", "price": "299", "unit_price": "$2.99/ ea", "name": "Salad Dole Italian Blend All Natural", "cnid": "2275", "productId": "118750", "size": "10 oz bag"},
{"thumb": "http://i4.peapod.com/c/KK/KKNHZ.gif", "price": "299", "unit_price": "$2.99/ ea", "name": "Salad Dole Just Lettuce Iceberg & Romaine All Natural", "cnid": "2275", "productId": "125021", "size": "11 oz bag"},
{"thumb": "http://i4.peapod.com/c/KK/KKNHZ.gif", "price": "299", "unit_price": "$2.99/ ea", "name": "Salad Dole Mediterranean Blend All Natural", "cnid": "2275", "productId": "121286", "size": "8 oz bag"},
{"thumb": "http://i4.peapod.com/c/KK/KKNHZ.gif", "price": "369", "unit_price": "$3.69/ ea", "name": "Salad Dole Romaine Baby All Natural", "cnid": "2275", "productId": "153973", "size": "5 oz pkg"},
{"thumb": "http://i4.peapod.com/c/KK/KKNHZ.gif", "price": "299", "unit_price": "$2.99/ ea", "name": "Salad Dole Spinach Baby All Natural", "cnid": "2275", "productId": "140690", "size": "6 oz bag"},
{"thumb": "http://i4.peapod.com/c/KK/KKNHZ.gif", "price": "369", "unit_price": "$3.69/ ea", "name": "Salad Dole Spinach Baby with Tender Reds All Natural Clamshell", "cnid": "2275", "productId": "153974", "size": "5 oz pkg"},
{"thumb": "http://i4.peapod.com/c/KK/KKNHZ.gif", "price": "299", "unit_price": "$2.99/ ea", "name": "Salad Dole Spring Mix All Natural", "cnid": "2275", "productId": "121285", "size": "5 oz bag"},
{"thumb": "http://i4.peapod.com/c/KK/KKNHZ.gif", "price": "299", "unit_price": "$2.99/ ea", "name": "Salad Dole Very Veggie All Natural", "cnid": "2275", "productId": "124563", "size": "12 oz bag"},
{"thumb": "http://i4.peapod.com/c/KK/KKNHZ.gif", "price": "399", "unit_price": "$3.99/ ea", "name": "Salad Kit Distinctively Dole Asian Island Crunch All Natural", "cnid": "2275", "productId": "138804", "size": "13 oz bag"},
{"thumb": "http://i4.peapod.com/c/KK/KKNHZ.gif", "price": "399", "unit_price": "$3.99/ ea", "name": "Salad Kit Distinctively Dole Caesar Ultimate", "cnid": "2275", "productId": "151657", "size": "11.2 oz bag"},
{"thumb": "http://i4.peapod.com/c/KK/KKNHZ.gif", "price": "399", "unit_price": "$3.99/ ea", "name": "Salad Kit Distinctively Dole Perfect Harvest All Natural", "cnid": "2275", "productId": "147789", "size": "11.7 oz bag"},
{"thumb": "http://i4.peapod.com/c/KK/KKNHZ.gif", "price": "399", "unit_price": "$3.99/ ea", "name": "Salad Kit Distinctively Dole Southwest All Natural", "cnid": "2275", "productId": "143149", "size": "11.5 oz bag"},
{"thumb": "http://i4.peapod.com/c/KK/KKNHZ.gif", "price": "399", "unit_price": "$3.99/ ea", "name": "Salad Kit Distinctively Dole Spinach Cherry Almond Bleu All Natural", "cnid": "2275", "productId": "164842", "size": "8.3 oz bag"},
{"thumb": "http://i4.peapod.com/c/KK/KKNHZ.gif", "price": "299", "unit_price": "$2.99/ ea", "name": "Salad Kit Dole Caesar All Natural", "cnid": "2275", "productId": "118745", "size": "10 oz bag"},
{"thumb": "http://i4.peapod.com/c/KK/KKNHZ.gif", "price": "299", "unit_price": "$2.99/ ea", "name": "Salad Kit Dole Caesar Garlic All Natural", "cnid": "2275", "productId": "159561", "size": "10 oz bag"},
{"thumb": "http://i4.peapod.com/c/KK/KKNHZ.gif", "price": "299", "unit_price": "$2.99/ ea", "name": "Salad Kit Dole Caesar Light All Natural", "cnid": "2275", "productId": "118746", "size": "10 oz bag"},
{"thumb": "http://i4.peapod.com/c/KK/KKNHZ.gif", "price": "199", "unit_price": "$1.99/ ea", "name": "Salad Mann's Rainbow Broccoli, Cauliflower, Carrots & Red Cabbage", "cnid": "2275", "productId": "159120", "size": "12 oz bag"},
{"thumb": "http://i4.peapod.com/c/KK/KKNHZ.gif", "price": "399", "unit_price": "$3.99/ ea", "name": "Salad Nature's Promise Organics Baby Arugula", "cnid": "2275", "productId": "140148", "size": "7 oz pkg"},
{"thumb": "http://i4.peapod.com/c/KK/KKNHZ.gif", "price": "399", "unit_price": "$3.99/ ea", "name": "Salad Nature's Promise Organics Baby Romaine", "cnid": "2275", "productId": "140155", "size": "7 oz pkg"},
{"thumb": "http://i4.peapod.com/c/KK/KKNHZ.gif", "price": "699", "unit_price": "$6.99/ ea", "name": "Salad Nature's Promise Organics Baby Romaine Mix", "cnid": "2275", "productId": "159567", "size": "16 oz pkg"},
{"thumb": "http://i4.peapod.com/c/KK/KKNHZ.gif", "price": "399", "unit_price": "$3.99/ ea", "name": "Salad Nature's Promise Organics Baby Spinach & Spring Mix", "cnid": "2275", "productId": "152449", "size": "7 oz pkg"},
{"thumb": "http://i4.peapod.com/c/KK/KKNHZ.gif", "price": "399", "unit_price": "$3.99/ ea", "name": "Salad Nature's Promise Organics Baby Sweet Lettuce", "cnid": "2275", "productId": "152448", "size": "7 oz pkg"},
{"thumb": "http://i4.peapod.com/c/KK/KKNHZ.gif", "price": "699", "unit_price": "$6.99/ ea", "name": "Salad Nature's Promise Organics Spring Mix", "cnid": "2275", "productId": "155128", "size": "16 oz pkg"},
{"thumb": "http://i4.peapod.com/c/KK/KKNHZ.gif", "price": "399", "unit_price": "$3.99/ ea", "name": "Salad Nature's Promise Organics Spring Mix with Herbs", "cnid": "2275", "productId": "118761", "size": "7 oz pkg"},
{"thumb": "http://i4.peapod.com/c/KK/KKNHZ.gif", "price": "185", "unit_price": "$1.85/ ea", "name": "Salad Stop & Shop Premium American Blend", "cnid": "2275", "productId": "118584", "size": "12 oz bag"},
{"thumb": "http://i4.peapod.com/c/KK/KKNHZ.gif", "price": "185", "unit_price": "$1.85/ ea", "name": "Salad Stop & Shop Premium Baby Arugula Blend", "cnid": "2275", "productId": "128643", "size": "5 oz bag"},
{"thumb": "http://i4.peapod.com/c/KK/KKNHZ.gif", "price": "185", "unit_price": "$1.85/ ea", "name": "Salad Stop & Shop Premium Baby Spinach", "cnid": "2275", "productId": "118789", "size": "6 oz bag"},
{"thumb": "http://i4.peapod.com/c/KK/KKNHZ.gif", "price": "185", "unit_price": "$1.85/ ea", "name": "Salad Stop & Shop Premium Butter Lettuce Blend", "cnid": "2275", "productId": "125789", "size": "7 oz bag"},
{"thumb": "http://i4.peapod.com/c/KK/KKNHZ.gif", "price": "185", "unit_price": "$1.85/ ea", "name": "Salad Stop & Shop Premium Chopped Romaine", "cnid": "2275", "productId": "118791", "size": "10 oz bag"},
{"thumb": "http://i4.peapod.com/c/KK/KKNHZ.gif", "price": "185", "unit_price": "$1.85/ ea", "name": "Salad Stop & Shop Premium Escarole Blend", "cnid": "2275", "productId": "128642", "size": "7 oz bag"},
{"thumb": "http://i4.peapod.com/c/KK/KKNHZ.gif", "price": "185", "unit_price": "$1.85/ ea", "name": "Salad Stop & Shop Premium Fancy Leaf Blend", "cnid": "2275", "productId": "128641", "size": "7 oz bag"},
{"thumb": "http://i4.peapod.com/c/KK/KKNHZ.gif", "price": "185", "unit_price": "$1.85/ ea", "name": "Salad Stop & Shop Premium Italian House Blend", "cnid": "2275", "productId": "118790", "size": "8 oz bag"},
{"thumb": "http://i4.peapod.com/c/KK/KKNHZ.gif", "price": "199", "unit_price": "$1.99/ ea", "name": "Salad Stop & Shop Premium Mix", "cnid": "2275", "productId": "118777", "size": "16 oz bag"},
{"thumb": "http://i4.peapod.com/c/KK/KKNHZ.gif", "price": "299", "unit_price": "$2.99/ ea", "name": "Salad Stop & Shop Premium Salad Mix", "cnid": "2275", "productId": "130697", "size": "32 oz bag"},
{"thumb": "http://i4.peapod.com/c/KK/KKNHZ.gif", "price": "185", "unit_price": "$1.85/ ea", "name": "Salad Stop & Shop Premium Spring Mix", "cnid": "2275", "productId": "128644", "size": "5 oz bag"},
{"thumb": "http://i4.peapod.com/c/KK/KKNHZ.gif", "price": "200", "unit_price": "$.10/ oz", "name": "Simply Potatoes Hash Browns Shredded", "cnid": "2275", "productId": "1640", "size": "20 oz bag"},
{"thumb": "http://i4.peapod.com/c/KK/KKNHZ.gif", "price": "199", "unit_price": "$.44/ oz", "name": "Spice World Garlic Chopped", "cnid": "2275", "productId": "76239", "size": "4.5 oz jar"},
{"thumb": "http://i4.peapod.com/c/KK/KKNHZ.gif", "price": "199", "unit_price": "$.44/ oz", "name": "Spice World Garlic Minced", "cnid": "2275", "productId": "159569", "size": "4.5 oz jar"},
{"thumb": "http://i4.peapod.com/c/KK/KKNHZ.gif", "price": "599", "unit_price": "$.19/ oz", "name": "Spice World Garlic Minced", "cnid": "2275", "productId": "93696", "size": "32 oz jar"},
{"thumb": "http://i4.peapod.com/c/KK/KKNHZ.gif", "price": "199", "unit_price": "$.25/ oz", "name": "Spice World Garlic Minced", "cnid": "2275", "productId": "76237", "size": "8 oz jar"},
{"thumb": "http://i4.peapod.com/c/KK/KKNHZ.gif", "price": "399", "unit_price": "$.42/ oz", "name": "Spice World Garlic Minced Squeeze", "cnid": "2275", "productId": "164835", "size": "9.5 oz btl"},
{"thumb": "http://i4.peapod.com/c/KK/KKNHZ.gif", "price": "199", "unit_price": "$.50/ oz", "name": "Spice World Ginger Ground", "cnid": "2275", "productId": "139802", "size": "4 oz jar"},
{"thumb": "http://i4.peapod.com/c/KK/KKNHZ.gif", "price": "349", "unit_price": "$3.49/ ea", "name": "Spinach Classic NewStar Cooking with Spinach", "cnid": "2275", "productId": "186542", "size": "16 oz pkg"},
{"thumb": "http://i4.peapod.com/c/KK/KKNHZ.gif", "price": "249", "unit_price": "$2.49/ ea", "name": "Squash Butternut Diced", "cnid": "2275", "productId": "118684", "size": "20 oz pkg"},
{"thumb": "http://i4.peapod.com/c/KK/KKNHZ.gif", "price": "349", "unit_price": "$3.49/ ea", "name": "Vegetable Medley Nature's Promise Organics", "cnid": "2275", "productId": "131394", "size": "10 oz bag"},
{"thumb": "http://i4.peapod.com/c/KK/KKNHZ.gif", "price": "299", "unit_price": "$2.99/ ea", "name": "Vegetables California Stir Fry Mann's", "cnid": "2275", "productId": "39103", "size": "12 oz bag"},
{"thumb": "http://i4.peapod.com/c/KK/KKNHZ.gif", "price": "250", "unit_price": "$2.50/ ea", "name": "Artichokes", "cnid": "2334", "productId": "118637", "size": "1 ea"},
{"thumb": "http://i4.peapod.com/c/KK/KKNHZ.gif", "price": "499", "unit_price": "$4.99/ ea", "name": "Asparagus", "cnid": "2334", "productId": "118586", "size": "1 bunch"},
{"thumb": "http://i4.peapod.com/c/KK/KKNHZ.gif", "price": "299", "unit_price": "$2.99/ ea", "name": "Beets", "cnid": "2334", "productId": "118676", "size": "1 bunch"},
{"thumb": "http://i4.peapod.com/c/KK/KKNHZ.gif", "price": "249", "unit_price": "$2.49/ ea", "name": "Bok Choy", "cnid": "2334", "productId": "118642", "size": "1 bunch"},
{"thumb": "http://i4.peapod.com/c/KK/KKNHZ.gif", "price": "129", "unit_price": "$1.29/ ea", "name": "Broccoli Crowns", "cnid": "2334", "productId": "118645", "size": "1 head"},
{"thumb": "http://i4.peapod.com/c/KK/KKNHZ.gif", "price": "349", "unit_price": "$3.49/ ea", "name": "Broccoli Florets Nature's Promise Organics", "cnid": "2334", "productId": "131396", "size": "10 oz bag"},
{"thumb": "http://i4.peapod.com/c/KK/KKNHZ.gif", "price": "299", "unit_price": "$2.99/ ea", "name": "Broccoli Florettes Broccoli Wokly Microwave in Bag Mann's", "cnid": "2334", "productId": "118759", "size": "12 oz bag"},
{"thumb": "http://i4.peapod.com/c/KK/KKNHZ.gif", "price": "299", "unit_price": "$2.99/ ea", "name": "Broccolini Baby Broccoli", "cnid": "2334", "productId": "124361", "size": "1 head"},
{"thumb": "http://i4.peapod.com/c/KK/KKNHZ.gif", "price": "469", "unit_price": "$4.69/ ea", "name": "Broccoli Organic", "cnid": "2334", "productId": "118653", "size": "1 head"},
{"thumb": "http://i4.peapod.com/c/KK/KKNHZ.gif", "price": "349", "unit_price": "$3.49/ ea", "name": "Broccoli Slaw Nature's Promise Organics", "cnid": "2334", "productId": "131393", "size": "10 oz bag"},
{"thumb": "http://i4.peapod.com/c/KK/KKNHZ.gif", "price": "299", "unit_price": "$2.99/ ea", "name": "Brussels Sprouts", "cnid": "2334", "productId": "121136", "size": "12 oz bag"},
{"thumb": "http://i4.peapod.com/c/KK/KKNHZ.gif", "price": "249", "unit_price": "$2.49/ ea", "name": "Cabbage Green", "cnid": "2334", "productId": "118604", "size": "1 ea"},
{"thumb": "http://i4.peapod.com/c/KK/KKNHZ.gif", "price": "379", "unit_price": "$3.79/ ea", "name": "Cabbage Napa", "cnid": "2334", "productId": "123735", "size": "1 ea"},
{"thumb": "http://i4.peapod.com/c/KK/KKNHZ.gif", "price": "129", "unit_price": "$1.29/ ea", "name": "Cabbage Red", "cnid": "2334", "productId": "118656", "size": "1 ea"},
{"thumb": "http://i4.peapod.com/c/KK/KKNHZ.gif", "price": "199", "unit_price": "$1.99/ ea", "name": "Cabbage Red Shredded", "cnid": "2334", "productId": "153840", "size": "10 oz bag"},
{"thumb": "http://i4.peapod.com/c/KK/KKNHZ.gif", "price": "249", "unit_price": "$2.49/ ea", "name": "Cabbage Savoy", "cnid": "2334", "productId": "123727", "size": "1 ea"},
{"thumb": "http://i4.peapod.com/c/KK/KKNHZ.gif", "price": "229", "unit_price": "$2.29/ ea", "name": "Carrots", "cnid": "2334", "productId": "118774", "size": "2 lb bag"},
{"thumb": "http://i4.peapod.com/c/KK/KKNHZ.gif", "price": "249", "unit_price": "$2.49/ ea", "name": "Carrots Baby Nature's Promise Organics", "cnid": "2334", "productId": "140163", "size": "16 oz bag"},
{"thumb": "http://i4.peapod.com/c/KK/KKNHZ.gif", "price": "100", "unit_price": "$1.00/ ea", "name": "Carrots Baby Peeled Stop & Shop", "cnid": "2334", "productId": "118781", "size": "16 oz bag"},
{"thumb": "http://i4.peapod.com/c/KK/KKNHZ.gif", "price": "329", "unit_price": "$3.29/ ea", "name": "Carrots Baby Peeled Stop & Shop", "cnid": "2334", "productId": "118782", "size": "32 oz bag"},
{"thumb": "http://i4.peapod.com/c/KK/KKNHZ.gif", "price": "349", "unit_price": "$3.49/ ea", "name": "Carrots Guaranteed Value", "cnid": "2334", "productId": "155489", "size": "5 lb bag"},
{"thumb": "http://i4.peapod.com/c/KK/KKNHZ.gif", "price": "499", "unit_price": "$4.99/ ea", "name": "Carrots Nature's Promise Organics", "cnid": "2334", "productId": "123728", "size": "5 lb bag"},
{"thumb": "http://i4.peapod.com/c/KK/KKNHZ.gif", "price": "129", "unit_price": "$1.29/ ea", "name": "Carrots Organic", "cnid": "2334", "productId": "118613", "size": "1 lb bag"},
{"thumb": "http://i4.peapod.com/c/KK/KKNHZ.gif", "price": "199", "unit_price": "$1.99/ ea", "name": "Carrots Premium Matchstix (Shredded) Bolthouse Farms", "cnid": "2334", "productId": "27862", "size": "10 oz bag"},
{"thumb": "http://i4.peapod.com/c/KK/KKNHZ.gif", "price": "349", "unit_price": "$.29/ ea", "name": "Carrots Premium Sweet Petites Bolthouse Farms", "cnid": "2334", "productId": "158361", "size": "12 oz bag"},
{"thumb": "http://i4.peapod.com/c/KK/KKNHZ.gif", "price": "299", "unit_price": "$2.99/ ea", "name": "Cauliflower", "cnid": "2334", "productId": "118594", "size": "1 bunch"},
{"thumb": "http://i4.peapod.com/c/KK/KKNHZ.gif", "price": "349", "unit_price": "$3.49/ ea", "name": "Cauliflower Organic", "cnid": "2334", "productId": "123737", "size": "1 head"},
{"thumb": "http://i4.peapod.com/c/KK/KKNHZ.gif", "price": "199", "unit_price": "$1.99/ ea", "name": "Celery", "cnid": "2334", "productId": "118595", "size": "1 bunch"},
{"thumb": "http://i4.peapod.com/c/KK/KKNHZ.gif", "price": "279", "unit_price": "$2.79/ ea", "name": "Celery Heart", "cnid": "2334", "productId": "155491", "size": "8 oz pkg"},
{"thumb": "http://i4.peapod.com/c/KK/KKNHZ.gif", "price": "369", "unit_price": "$3.69/ ea", "name": "Celery Hearts", "cnid": "2334", "productId": "118670", "size": "16 oz pkg"},
{"thumb": "http://i4.peapod.com/c/KK/KKNHZ.gif", "price": "449", "unit_price": "$4.49/ ea", "name": "Celery Hearts Nature's Promise Organics", "cnid": "2334", "productId": "140162", "size": "16 oz bag"},
{"thumb": "http://i4.peapod.com/c/KK/KKNHZ.gif", "price": "250", "unit_price": "$2.50/ ea", "name": "Celery Sticks Cut Stop & Shop", "cnid": "2334", "productId": "186567", "size": "16 oz pkg"},
{"thumb": "http://i4.peapod.com/c/KK/KKNHZ.gif", "price": "399", "unit_price": "$3.99/ ea", "name": "Celery Sticks Stop & Shop", "cnid": "2334", "productId": "137526", "size": "14 oz tub"},
{"thumb": "http://i4.peapod.com/c/KK/KKNHZ.gif", "price": "299", "unit_price": "$2.99/ ea", "name": "Cole Slaw Broccoli Mann's", "cnid": "2334", "productId": "124138", "size": "12 oz bag"},
{"thumb": "http://i4.peapod.com/c/KK/KKNHZ.gif", "price": "199", "unit_price": "$1.99/ ea", "name": "Cole Slaw Dole Classic All Natural", "cnid": "2334", "productId": "110058", "size": "14 oz bag"},
{"thumb": "http://i4.peapod.com/c/KK/KKNHZ.gif", "price": "249", "unit_price": "$2.49/ ea", "name": "Cole Slaw Dole Kit Creamy All Natural", "cnid": "2334", "productId": "164841", "size": "11 oz bag"},
{"thumb": "http://i4.peapod.com/c/KK/KKNHZ.gif", "price": "349", "unit_price": "$3.49/ ea", "name": "Corn Baby", "cnid": "2334", "productId": "150516", "size": "8 oz pkg"},
{"thumb": "http://i4.peapod.com/c/KK/KKNHZ.gif", "price": "75", "unit_price": "$.75/ ea", "name": "Cucumbers", "cnid": "2334", "productId": "118597", "size": "1 ea"},
{"thumb": "http://i4.peapod.com/c/KK/KKNHZ.gif", "price": "200", "unit_price": "$2.00/ ea", "name": "Cucumbers English Hot House", "cnid": "2334", "productId": "118598", "size": "1 ea"},
{"thumb": "http://i4.peapod.com/c/KK/KKNHZ.gif", "price": "299", "unit_price": "$2.99/ ea", "name": "Cucumbers Mini", "cnid": "2334", "productId": "157166", "size": "12 oz pkg"},
{"thumb": "http://i4.peapod.com/c/KK/KKNHZ.gif", "price": "50", "unit_price": "$.50/ ea", "name": "Cucumbers Pickling", "cnid": "2334", "productId": "118575", "size": "1 ea"},
{"thumb": "http://i4.peapod.com/c/KK/KKNHZ.gif", "price": "199", "unit_price": "$1.99/ ea", "name": "Eggplant", "cnid": "2334", "productId": "118599", "size": "1 ea"},
{"thumb": "http://i4.peapod.com/c/KK/KKNHZ.gif", "price": "219", "unit_price": "$2.19/ ea", "name": "Eggplant Italian Baby", "cnid": "2334", "productId": "128730", "size": "1 ea"},
{"thumb": "http://i4.peapod.com/c/KK/KKNHZ.gif", "price": "299", "unit_price": "$2.99/ ea", "name": "Eggplant Nature's Promise Organics", "cnid": "2334", "productId": "150552", "size": "10 oz pkg"},
{"thumb": "http://i4.peapod.com/c/KK/KKNHZ.gif", "price": "149", "unit_price": "$1.49/ ea", "name": "Express Bake PotatOH! Microwave", "cnid": "2334", "productId": "128053", "size": "8 oz ea"},
{"thumb": "http://i4.peapod.com/c/KK/KKNHZ.gif", "price": "150", "unit_price": "$1.50/ ea", "name": "Express Bake PotatOH! Sweet Microwave", "cnid": "2334", "productId": "134388", "size": "8 oz ea"},
{"thumb": "http://i4.peapod.com/c/KK/KKNHZ.gif", "price": "50", "unit_price": "$.50/ ea", "name": "Garlic Bulk", "cnid": "2334", "productId": "118602", "size": "1 head"},
{"thumb": "http://i4.peapod.com/c/KK/KKNHZ.gif", "price": "249", "unit_price": "$2.49/ ea", "name": "Garlic Elephant", "cnid": "2334", "productId": "133434", "size": "1 head"},
{"thumb": "http://i4.peapod.com/c/KK/KKNHZ.gif", "price": "99", "unit_price": "$.99/ ea", "name": "Garlic Jumbo", "cnid": "2334", "productId": "131061", "size": "2.5 oz pkg"},
{"thumb": "http://i4.peapod.com/c/KK/KKNHZ.gif", "price": "89", "unit_price": "$.89/ ea", "name": "Ginger Root", "cnid": "2334", "productId": "118752", "size": "apx 1/4 lb"},
{"thumb": "http://i4.peapod.com/c/KK/KKNHZ.gif", "price": "699", "unit_price": "$6.99/ ea", "name": "GreenLine Beans Green Trimmed", "cnid": "2334", "productId": "152820", "size": "32 oz bag"},
{"thumb": "http://i4.peapod.com/c/KK/KKNHZ.gif", "price": "349", "unit_price": "$3.49/ ea", "name": "GreenLine Beans Green Trimmed", "cnid": "2334", "productId": "137014", "size": "12 oz bag"},
{"thumb": "http://i4.peapod.com/c/KK/KKNHZ.gif", "price": "159", "unit_price": "$1.59/ ea", "name": "Greens Collard", "cnid": "2334", "productId": "118596", "size": "1 bunch"},
{"thumb": "http://i4.peapod.com/c/KK/KKNHZ.gif", "price": "159", "unit_price": "$1.59/ ea", "name": "Greens Kale", "cnid": "2334", "productId": "123733", "size": "1 bunch"},
{"thumb": "http://i4.peapod.com/c/KK/KKNHZ.gif", "price": "159", "unit_price": "$1.59/ ea", "name": "Greens Mustard", "cnid": "2334", "productId": "123734", "size": "1 bunch"},
{"thumb": "http://i4.peapod.com/c/KK/KKNHZ.gif", "price": "159", "unit_price": "$1.59/ ea", "name": "Greens Turnip", "cnid": "2334", "productId": "124304", "size": "1 bunch"},
{"thumb": "http://i4.peapod.com/c/KK/KKNHZ.gif", "price": "199", "unit_price": "$1.99/ ea", "name": "Herbs Chives Fresh", "cnid": "2334", "productId": "130982", "size": ".75 oz pkg"},
{"thumb": "http://i4.peapod.com/c/KK/KKNHZ.gif", "price": "199", "unit_price": "$1.99/ ea", "name": "Leeks", "cnid": "2334", "productId": "118652", "size": "1 bunch"},
{"thumb": "http://i4.peapod.com/c/KK/KKNHZ.gif", "price": "349", "unit_price": "$3.49/ ea", "name": "Lettuce Arugula", "cnid": "2334", "productId": "125303", "size": "2.5 oz pkg"},
{"thumb": "http://i4.peapod.com/c/KK/KKNHZ.gif", "price": "159", "unit_price": "$1.59/ ea", "name": "Lettuce Boston", "cnid": "2334", "productId": "118643", "size": "1 head"},
{"thumb": "http://i4.peapod.com/c/KK/KKNHZ.gif", "price": "299", "unit_price": "$2.99/ ea", "name": "Lettuce Boston Hydroponic", "cnid": "2334", "productId": "118757", "size": "4 oz pkg"},
{"thumb": "http://i4.peapod.com/c/KK/KKNHZ.gif", "price": "50", "unit_price": "$.50/ ea", "name": "Lettuce Endive French Belgian", "cnid": "2334", "productId": "121134", "size": "1 head"},
{"thumb": "http://i4.peapod.com/c/KK/KKNHZ.gif", "price": "199", "unit_price": "$1.99/ ea", "name": "Lettuce Escarole", "cnid": "2334", "productId": "123730", "size": "1 head"},
{"thumb": "http://i4.peapod.com/c/KK/KKNHZ.gif", "price": "179", "unit_price": "$1.79/ ea", "name": "Lettuce Green Leaf", "cnid": "2334", "productId": "118571", "size": "1 head"},
{"thumb": "http://i4.peapod.com/c/KK/KKNHZ.gif", "price": "179", "unit_price": "$1.79/ ea", "name": "Lettuce Iceberg", "cnid": "2334", "productId": "118607", "size": "1 head"},
{"thumb": "http://i4.peapod.com/c/KK/KKNHZ.gif", "price": "150", "unit_price": "$1.50/ ea", "name": "Lettuce Iceberg Shredded Dole Fresh Favorites", "cnid": "2334", "productId": "128681", "size": "8 oz bag"},
{"thumb": "http://i4.peapod.com/c/KK/KKNHZ.gif", "price": "179", "unit_price": "$1.79/ ea", "name": "Lettuce Radicchio", "cnid": "2334", "productId": "121140", "size": "1 head"},
{"thumb": "http://i4.peapod.com/c/KK/KKNHZ.gif", "price": "179", "unit_price": "$1.79/ ea", "name": "Lettuce Red Leaf", "cnid": "2334", "productId": "118577", "size": "1 head"},
{"thumb": "http://i4.peapod.com/c/KK/KKNHZ.gif", "price": "179", "unit_price": "$1.79/ ea", "name": "Lettuce Romaine", "cnid": "2334", "productId": "118579", "size": "1 head"},
{"thumb": "http://i4.peapod.com/c/KK/KKNHZ.gif", "price": "499", "unit_price": "$4.99/ ea", "name": "Lettuce Romaine Hearts Nature's Promise Organics", "cnid": "2334", "productId": "140166", "size": "12 oz bag"},
{"thumb": "http://i4.peapod.com/c/KK/KKNHZ.gif", "price": "399", "unit_price": "$3.99/ ea", "name": "Lettuce Romaine Hearts Stop & Shop", "cnid": "2334", "productId": "118779", "size": "22 oz bag"},
{"thumb": "http://i4.peapod.com/c/KK/KKNHZ.gif", "price": "299", "unit_price": "$2.99/ ea", "name": "Lettuce Romaine Organic", "cnid": "2334", "productId": "125062", "size": "1 head"},
{"thumb": "http://i4.peapod.com/c/KK/KKNHZ.gif", "price": "199", "unit_price": "$1.99/ ea", "name": "Mushrooms Baby Bella Sliced Stop & Shop", "cnid": "2334", "productId": "130736", "size": "8 oz pkg"},
{"thumb": "http://i4.peapod.com/c/KK/KKNHZ.gif", "price": "199", "unit_price": "$1.99/ ea", "name": "Mushrooms Baby Bella Whole Stop & Shop", "cnid": "2334", "productId": "118772", "size": "8 oz pkg"},
{"thumb": "http://i4.peapod.com/c/KK/KKNHZ.gif", "price": "349", "unit_price": "$3.49/ ea", "name": "Mushrooms for Stuffing Stop & Shop", "cnid": "2334", "productId": "118785", "size": "14 oz pkg"},
{"thumb": "http://i4.peapod.com/c/KK/KKNHZ.gif", "price": "349", "unit_price": "$3.49/ ea", "name": "Mushrooms Portabella Caps Stop & Shop - 2-4 ct", "cnid": "2334", "productId": "118786", "size": "6 oz pkg"},
{"thumb": "http://i4.peapod.com/c/KK/KKNHZ.gif", "price": "349", "unit_price": "$3.49/ ea", "name": "Mushrooms Portabella Sliced", "cnid": "2334", "productId": "121170", "size": "6 oz pkg"},
{"thumb": "http://i4.peapod.com/c/KK/KKNHZ.gif", "price": "349", "unit_price": "$3.49/ ea", "name": "Mushrooms Shiitake", "cnid": "2334", "productId": "124818", "size": "3.5 oz pkg"},
{"thumb": "http://i4.peapod.com/c/KK/KKNHZ.gif", "price": "369", "unit_price": "$3.69/ ea", "name": "Mushrooms White Sliced", "cnid": "2334", "productId": "186568", "size": "16 oz pkg"},
{"thumb": "http://i4.peapod.com/c/KK/KKNHZ.gif", "price": "199", "unit_price": "$1.99/ ea", "name": "Mushrooms White Sliced Stop & Shop", "cnid": "2334", "productId": "118792", "size": "8 oz pkg"},
{"thumb": "http://i4.peapod.com/c/KK/KKNHZ.gif", "price": "249", "unit_price": "$2.49/ ea", "name": "Mushrooms White Whole Nature's Promise Organics", "cnid": "2334", "productId": "150562", "size": "8 oz pkg"},
{"thumb": "http://i4.peapod.com/c/KK/KKNHZ.gif", "price": "100", "unit_price": "$1.00/ ea", "name": "Mushrooms White Whole Stop & Shop", "cnid": "2334", "productId": "118793", "size": "8 oz pkg"},
{"thumb": "http://i4.peapod.com/c/KK/KKNHZ.gif", "price": "99", "unit_price": "$.99/ ea", "name": "Onions Green Scallions Organic", "cnid": "2334", "productId": "136930", "size": "1 bunch"},
{"thumb": "http://i4.peapod.com/c/KK/KKNHZ.gif", "price": "129", "unit_price": "$1.29/ ea", "name": "Onions Red", "cnid": "2334", "productId": "118622", "size": "1 ea"},
{"thumb": "http://i4.peapod.com/c/KK/KKNHZ.gif", "price": "100", "unit_price": "$1.00/ ea", "name": "Onions Sweet", "cnid": "2334", "productId": "12399", "size": "1 ea"},
{"thumb": "http://i4.peapod.com/c/KK/KKNHZ.gif", "price": "349", "unit_price": "$3.49/ ea", "name": "Onions Yellow", "cnid": "2334", "productId": "121171", "size": "3 lb bag"},
{"thumb": "http://i4.peapod.com/c/KK/KKNHZ.gif", "price": "129", "unit_price": "$1.29/ ea", "name": "Onions Yellow", "cnid": "2334", "productId": "118664", "size": "1 ea"},
{"thumb": "http://i4.peapod.com/c/KK/KKNHZ.gif", "price": "279", "unit_price": "$2.79/ ea", "name": "Onions Yellow Stop & Shop", "cnid": "2334", "productId": "118794", "size": "2 lb bag"},
{"thumb": "http://i4.peapod.com/c/KK/KKNHZ.gif", "price": "199", "unit_price": "$1.99/ ea", "name": "Parsnips", "cnid": "2334", "productId": "121138", "size": "1 lb bag"},
{"thumb": "http://i4.peapod.com/c/KK/KKNHZ.gif", "price": "229", "unit_price": "$.51/ oz", "name": "Pastene Garlic Minced", "cnid": "2334", "productId": "161248", "size": "4.5 oz jar"},
{"thumb": "http://i4.peapod.com/c/KK/KKNHZ.gif", "price": "399", "unit_price": "$3.99/ ea", "name": "Peas Snow Baby (Peapods) Stop & Shop", "cnid": "2334", "productId": "159116", "size": "8 oz pkg"},
{"thumb": "http://i4.peapod.com/c/KK/KKNHZ.gif", "price": "299", "unit_price": "$2.99/ ea", "name": "Peas Snow Gourmet Mann's", "cnid": "2334", "productId": "150553", "size": "6 oz bag"},
{"thumb": "http://i4.peapod.com/c/KK/KKNHZ.gif", "price": "399", "unit_price": "$3.99/ ea", "name": "Peas Sugar Snap Baby Stop & Shop", "cnid": "2334", "productId": "159117", "size": "8 oz pkg"},
{"thumb": "http://i4.peapod.com/c/KK/KKNHZ.gif", "price": "299", "unit_price": "$2.99/ ea", "name": "Peas Sugar Snap Stringless Mann's", "cnid": "2334", "productId": "150554", "size": "8 oz bag"},
{"thumb": "http://i4.peapod.com/c/KK/KKNHZ.gif", "price": "99", "unit_price": "$.99/ ea", "name": "Peppers Bell Green", "cnid": "2334", "productId": "118615", "size": "1 ea"},
{"thumb": "http://i4.peapod.com/c/KK/KKNHZ.gif", "price": "349", "unit_price": "$3.49/ ea", "name": "Peppers Bell Green Guaranteed Value", "cnid": "2334", "productId": "159564", "size": "2 lb bag"},
{"thumb": "http://i4.peapod.com/c/KK/KKNHZ.gif", "price": "250", "unit_price": "$2.50/ ea", "name": "Peppers Bell Orange", "cnid": "2334", "productId": "118655", "size": "1 ea"},
{"thumb": "http://i4.peapod.com/c/KK/KKNHZ.gif", "price": "499", "unit_price": "$4.99/ ea", "name": "Peppers Bell Rainbow Sunset", "cnid": "2334", "productId": "136946", "size": "3 ct pkg"},
{"thumb": "http://i4.peapod.com/c/KK/KKNHZ.gif", "price": "150", "unit_price": "$1.50/ ea", "name": "Peppers Bell Red", "cnid": "2334", "productId": "118616", "size": "1 ea"},
{"thumb": "http://i4.peapod.com/c/KK/KKNHZ.gif", "price": "349", "unit_price": "$3.49/ ea", "name": "Peppers Bell Red Guaranteed Value", "cnid": "2334", "productId": "184133", "size": "2 lb bag"},
{"thumb": "http://i4.peapod.com/c/KK/KKNHZ.gif", "price": "499", "unit_price": "$4.99/ ea", "name": "Peppers Bell Red Nature's Promise Organics", "cnid": "2334", "productId": "136933", "size": "2 ct pkg"},
{"thumb": "http://i4.peapod.com/c/KK/KKNHZ.gif", "price": "250", "unit_price": "$2.50/ ea", "name": "Peppers Bell Yellow", "cnid": "2334", "productId": "118617", "size": "1 ea"},
{"thumb": "http://i4.peapod.com/c/KK/KKNHZ.gif", "price": "399", "unit_price": "$3.99/ ea", "name": "Peppers Green Nature's Promise Organic", "cnid": "2334", "productId": "185744", "size": "2 ct pkg"},
{"thumb": "http://i4.peapod.com/c/KK/KKNHZ.gif", "price": "79", "unit_price": "$.79/ ea", "name": "Peppers Italian Cubanelle", "cnid": "2334", "productId": "141521", "size": "1 ea"},
{"thumb": "http://i4.peapod.com/c/KK/KKNHZ.gif", "price": "33", "unit_price": "$.33/ ea", "name": "Peppers Jalapeno", "cnid": "2334", "productId": "121446", "size": "1 ea"},
{"thumb": "http://i4.peapod.com/c/KK/KKNHZ.gif", "price": "79", "unit_price": "$.79/ ea", "name": "Peppers Long Hot", "cnid": "2334", "productId": "123736", "size": "1 ea"},
{"thumb": "http://i4.peapod.com/c/KK/KKNHZ.gif", "price": "399", "unit_price": "$3.99/ ea", "name": "Potatoes All-Purpose White Stop & Shop", "cnid": "2334", "productId": "118787", "size": "5 lb bag"},
{"thumb": "http://i4.peapod.com/c/KK/KKNHZ.gif", "price": "89", "unit_price": "$.89/ ea", "name": "Potatoes Baking Russet Large", "cnid": "2334", "productId": "118625", "size": "1 ea"},
{"thumb": "http://i4.peapod.com/c/KK/KKNHZ.gif", "price": "449", "unit_price": "$4.49/ ea", "name": "Potatoes Fingerling Fresh from the Start", "cnid": "2334", "productId": "187144", "size": "24 oz pkg"},
{"thumb": "http://i4.peapod.com/c/KK/KKNHZ.gif", "price": "449", "unit_price": "$4.49/ ea", "name": "Potatoes Gold Baby Fresh from the Start", "cnid": "2334", "productId": "187143", "size": "24 oz pkg"},
{"thumb": "http://i4.peapod.com/c/KK/KKNHZ.gif", "price": "50", "unit_price": "$.50/ ea", "name": "Potatoes Red", "cnid": "2334", "productId": "118623", "size": "1 ea"},
{"thumb": "http://i4.peapod.com/c/KK/KKNHZ.gif", "price": "399", "unit_price": "$3.99/ ea", "name": "Potatoes Red", "cnid": "2334", "productId": "118847", "size": "5 lb bag"},
{"thumb": "http://i4.peapod.com/c/KK/KKNHZ.gif", "price": "449", "unit_price": "$4.49/ ea", "name": "Potatoes Red Baby Fresh from the Start", "cnid": "2334", "productId": "187141", "size": "24 oz pkg"},
{"thumb": "http://i4.peapod.com/c/KK/KKNHZ.gif", "price": "399", "unit_price": "$3.99/ ea", "name": "Potatoes Russet", "cnid": "2334", "productId": "121173", "size": "5 lb bag"},
{"thumb": "http://i4.peapod.com/c/KK/KKNHZ.gif", "price": "399", "unit_price": "$3.99/ ea", "name": "Potatoes Russet Guaranteed Value", "cnid": "2334", "productId": "164839", "size": "10 lb bag"},
{"thumb": "http://i4.peapod.com/c/KK/KKNHZ.gif", "price": "299", "unit_price": "$2.99/ ea", "name": "Potatoes White Baby", "cnid": "2334", "productId": "130962", "size": "3 lb bag"},
{"thumb": "http://i4.peapod.com/c/KK/KKNHZ.gif", "price": "79", "unit_price": "$.79/ ea", "name": "Potatoes White New", "cnid": "2334", "productId": "164844", "size": "1 ea"},
{"thumb": "http://i4.peapod.com/c/KK/KKNHZ.gif", "price": "119", "unit_price": "$1.19/ ea", "name": "Potatoes Yams", "cnid": "2334", "productId": "118632", "size": "1 ea"},
{"thumb": "http://i4.peapod.com/c/KK/KKNHZ.gif", "price": "50", "unit_price": "$.50/ ea", "name": "Potatoes Yellow", "cnid": "2334", "productId": "129385", "size": "1 ea"},
{"thumb": "http://i4.peapod.com/c/KK/KKNHZ.gif", "price": "399", "unit_price": "$3.99/ ea", "name": "Potatoes Yukon Gold", "cnid": "2334", "productId": "118802", "size": "5 lb bag"},
{"thumb": "http://i4.peapod.com/c/KK/KKNHZ.gif", "price": "169", "unit_price": "$1.69/ ea", "name": "Radishes Red", "cnid": "2334", "productId": "123864", "size": "16 oz bag"},
{"thumb": "http://i4.peapod.com/c/KK/KKNHZ.gif", "price": "109", "unit_price": "$1.09/ ea", "name": "Rutabagas (Yellow Turnips)", "cnid": "2334", "productId": "123743", "size": "1 ea"},
{"thumb": "http://i4.peapod.com/c/KK/KKNHZ.gif", "price": "299", "unit_price": "$2.99/ ea", "name": "Salad Dole American Blend All Natural", "cnid": "2334", "productId": "118748", "size": "12 oz bag"},
{"thumb": "http://i4.peapod.com/c/KK/KKNHZ.gif", "price": "299", "unit_price": "$2.99/ ea", "name": "Salad Dole Arugula All Natural", "cnid": "2334", "productId": "164840", "size": "5 oz bag"},
{"thumb": "http://i4.peapod.com/c/KK/KKNHZ.gif", "price": "369", "unit_price": "$3.69/ ea", "name": "Salad Dole Baby Garden Blend All Natural", "cnid": "2334", "productId": "153972", "size": "5 oz pkg"},
{"thumb": "http://i4.peapod.com/c/KK/KKNHZ.gif", "price": "299", "unit_price": "$2.99/ ea", "name": "Salad Dole Butter Bliss All Natural", "cnid": "2334", "productId": "160908", "size": "6 oz bag"},
{"thumb": "http://i4.peapod.com/c/KK/KKNHZ.gif", "price": "199", "unit_price": "$1.99/ ea", "name": "Salad Dole Classic Iceberg with Carrots & Red Cabbage All Natural", "cnid": "2334", "productId": "118744", "size": "12 oz bag"},
{"thumb": "http://i4.peapod.com/c/KK/KKNHZ.gif", "price": "299", "unit_price": "$2.99/ ea", "name": "Salad Dole Classic Romaine with Carrots & Red Cabbage All Natural", "cnid": "2334", "productId": "131012", "size": "9 oz bag"},
{"thumb": "http://i4.peapod.com/c/KK/KKNHZ.gif", "price": "299", "unit_price": "$2.99/ ea", "name": "Salad Dole Field Greens All Natural", "cnid": "2334", "productId": "132754", "size": "9 oz bag"},
{"thumb": "http://i4.peapod.com/c/KK/KKNHZ.gif", "price": "299", "unit_price": "$2.99/ ea", "name": "Salad Dole Greener Selection All Natural", "cnid": "2334", "productId": "118747", "size": "12 oz bag"},
{"thumb": "http://i4.peapod.com/c/KK/KKNHZ.gif", "price": "299", "unit_price": "$2.99/ ea", "name": "Salad Dole Hearts of Romaine All Natural", "cnid": "2334", "productId": "128454", "size": "10 oz bag"},
{"thumb": "http://i4.peapod.com/c/KK/KKNHZ.gif", "price": "299", "unit_price": "$2.99/ ea", "name": "Salad Dole Italian Blend All Natural", "cnid": "2334", "productId": "118750", "size": "10 oz bag"},
{"thumb": "http://i4.peapod.com/c/KK/KKNHZ.gif", "price": "299", "unit_price": "$2.99/ ea", "name": "Salad Dole Just Lettuce Iceberg & Romaine All Natural", "cnid": "2334", "productId": "125021", "size": "11 oz bag"},
{"thumb": "http://i4.peapod.com/c/KK/KKNHZ.gif", "price": "299", "unit_price": "$2.99/ ea", "name": "Salad Dole Mediterranean Blend All Natural", "cnid": "2334", "productId": "121286", "size": "8 oz bag"},
{"thumb": "http://i4.peapod.com/c/KK/KKNHZ.gif", "price": "369", "unit_price": "$3.69/ ea", "name": "Salad Dole Romaine Baby All Natural", "cnid": "2334", "productId": "153973", "size": "5 oz pkg"},
{"thumb": "http://i4.peapod.com/c/KK/KKNHZ.gif", "price": "299", "unit_price": "$2.99/ ea", "name": "Salad Dole Spinach Baby All Natural", "cnid": "2334", "productId": "140690", "size": "6 oz bag"},
{"thumb": "http://i4.peapod.com/c/KK/KKNHZ.gif", "price": "369", "unit_price": "$3.69/ ea", "name": "Salad Dole Spinach Baby with Tender Reds All Natural Clamshell", "cnid": "2334", "productId": "153974", "size": "5 oz pkg"},
{"thumb": "http://i4.peapod.com/c/KK/KKNHZ.gif", "price": "299", "unit_price": "$2.99/ ea", "name": "Salad Dole Spring Mix All Natural", "cnid": "2334", "productId": "121285", "size": "5 oz bag"},
{"thumb": "http://i4.peapod.com/c/KK/KKNHZ.gif", "price": "299", "unit_price": "$2.99/ ea", "name": "Salad Dole Very Veggie All Natural", "cnid": "2334", "productId": "124563", "size": "12 oz bag"},
{"thumb": "http://i4.peapod.com/c/KK/KKNHZ.gif", "price": "399", "unit_price": "$3.99/ ea", "name": "Salad Kit Distinctively Dole Asian Island Crunch All Natural", "cnid": "2334", "productId": "138804", "size": "13 oz bag"},
{"thumb": "http://i4.peapod.com/c/KK/KKNHZ.gif", "price": "399", "unit_price": "$3.99/ ea", "name": "Salad Kit Distinctively Dole Caesar Ultimate", "cnid": "2334", "productId": "151657", "size": "11.2 oz bag"},
{"thumb": "http://i4.peapod.com/c/KK/KKNHZ.gif", "price": "399", "unit_price": "$3.99/ ea", "name": "Salad Kit Distinctively Dole Perfect Harvest All Natural", "cnid": "2334", "productId": "147789", "size": "11.7 oz bag"},
{"thumb": "http://i4.peapod.com/c/KK/KKNHZ.gif", "price": "399", "unit_price": "$3.99/ ea", "name": "Salad Kit Distinctively Dole Southwest All Natural", "cnid": "2334", "productId": "143149", "size": "11.5 oz bag"},
{"thumb": "http://i4.peapod.com/c/KK/KKNHZ.gif", "price": "399", "unit_price": "$3.99/ ea", "name": "Salad Kit Distinctively Dole Spinach Cherry Almond Bleu All Natural", "cnid": "2334", "productId": "164842", "size": "8.3 oz bag"},
{"thumb": "http://i4.peapod.com/c/KK/KKNHZ.gif", "price": "299", "unit_price": "$2.99/ ea", "name": "Salad Kit Dole Caesar All Natural", "cnid": "2334", "productId": "118745", "size": "10 oz bag"},
{"thumb": "http://i4.peapod.com/c/KK/KKNHZ.gif", "price": "299", "unit_price": "$2.99/ ea", "name": "Salad Kit Dole Caesar Garlic All Natural", "cnid": "2334", "productId": "159561", "size": "10 oz bag"},
{"thumb": "http://i4.peapod.com/c/KK/KKNHZ.gif", "price": "299", "unit_price": "$2.99/ ea", "name": "Salad Kit Dole Caesar Light All Natural", "cnid": "2334", "productId": "118746", "size": "10 oz bag"},
{"thumb": "http://i4.peapod.com/c/KK/KKNHZ.gif", "price": "199", "unit_price": "$1.99/ ea", "name": "Salad Mann's Rainbow Broccoli, Cauliflower, Carrots & Red Cabbage", "cnid": "2334", "productId": "159120", "size": "12 oz bag"},
{"thumb": "http://i4.peapod.com/c/KK/KKNHZ.gif", "price": "399", "unit_price": "$3.99/ ea", "name": "Salad Nature's Promise Organics Baby Arugula", "cnid": "2334", "productId": "140148", "size": "7 oz pkg"},
{"thumb": "http://i4.peapod.com/c/KK/KKNHZ.gif", "price": "399", "unit_price": "$3.99/ ea", "name": "Salad Nature's Promise Organics Baby Romaine", "cnid": "2334", "productId": "140155", "size": "7 oz pkg"},
{"thumb": "http://i4.peapod.com/c/KK/KKNHZ.gif", "price": "699", "unit_price": "$6.99/ ea", "name": "Salad Nature's Promise Organics Baby Romaine Mix", "cnid": "2334", "productId": "159567", "size": "16 oz pkg"},
{"thumb": "http://i4.peapod.com/c/KK/KKNHZ.gif", "price": "399", "unit_price": "$3.99/ ea", "name": "Salad Nature's Promise Organics Baby Spinach", "cnid": "2334", "productId": "124319", "size": "7 oz pkg"},
{"thumb": "http://i4.peapod.com/c/KK/KKNHZ.gif", "price": "399", "unit_price": "$3.99/ ea", "name": "Salad Nature's Promise Organics Baby Spinach & Spring Mix", "cnid": "2334", "productId": "152449", "size": "7 oz pkg"},
{"thumb": "http://i4.peapod.com/c/KK/KKNHZ.gif", "price": "399", "unit_price": "$3.99/ ea", "name": "Salad Nature's Promise Organics Baby Sweet Lettuce", "cnid": "2334", "productId": "152448", "size": "7 oz pkg"},
{"thumb": "http://i4.peapod.com/c/KK/KKNHZ.gif", "price": "699", "unit_price": "$6.99/ ea", "name": "Salad Nature's Promise Organics Spring Mix", "cnid": "2334", "productId": "155128", "size": "16 oz pkg"},
{"thumb": "http://i4.peapod.com/c/KK/KKNHZ.gif", "price": "399", "unit_price": "$3.99/ ea", "name": "Salad Nature's Promise Organics Spring Mix with Herbs", "cnid": "2334", "productId": "118761", "size": "7 oz pkg"},
{"thumb": "http://i4.peapod.com/c/KK/KKNHZ.gif", "price": "185", "unit_price": "$1.85/ ea", "name": "Salad Stop & Shop Premium American Blend", "cnid": "2334", "productId": "118584", "size": "12 oz bag"},
{"thumb": "http://i4.peapod.com/c/KK/KKNHZ.gif", "price": "185", "unit_price": "$1.85/ ea", "name": "Salad Stop & Shop Premium Baby Arugula Blend", "cnid": "2334", "productId": "128643", "size": "5 oz bag"},
{"thumb": "http://i4.peapod.com/c/KK/KKNHZ.gif", "price": "185", "unit_price": "$1.85/ ea", "name": "Salad Stop & Shop Premium Baby Spinach", "cnid": "2334", "productId": "118789", "size": "6 oz bag"},
{"thumb": "http://i4.peapod.com/c/KK/KKNHZ.gif", "price": "185", "unit_price": "$1.85/ ea", "name": "Salad Stop & Shop Premium Butter Lettuce Blend", "cnid": "2334", "productId": "125789", "size": "7 oz bag"},
{"thumb": "http://i4.peapod.com/c/KK/KKNHZ.gif", "price": "185", "unit_price": "$1.85/ ea", "name": "Salad Stop & Shop Premium Chopped Romaine", "cnid": "2334", "productId": "118791", "size": "10 oz bag"},
{"thumb": "http://i4.peapod.com/c/KK/KKNHZ.gif", "price": "185", "unit_price": "$1.85/ ea", "name": "Salad Stop & Shop Premium Escarole Blend", "cnid": "2334", "productId": "128642", "size": "7 oz bag"},
{"thumb": "http://i4.peapod.com/c/KK/KKNHZ.gif", "price": "185", "unit_price": "$1.85/ ea", "name": "Salad Stop & Shop Premium Fancy Leaf Blend", "cnid": "2334", "productId": "128641", "size": "7 oz bag"},
{"thumb": "http://i4.peapod.com/c/KK/KKNHZ.gif", "price": "185", "unit_price": "$1.85/ ea", "name": "Salad Stop & Shop Premium Italian House Blend", "cnid": "2334", "productId": "118790", "size": "8 oz bag"},
{"thumb": "http://i4.peapod.com/c/KK/KKNHZ.gif", "price": "199", "unit_price": "$1.99/ ea", "name": "Salad Stop & Shop Premium Mix", "cnid": "2334", "productId": "118777", "size": "16 oz bag"},
{"thumb": "http://i4.peapod.com/c/KK/KKNHZ.gif", "price": "299", "unit_price": "$2.99/ ea", "name": "Salad Stop & Shop Premium Salad Mix", "cnid": "2334", "productId": "130697", "size": "32 oz bag"},
{"thumb": "http://i4.peapod.com/c/KK/KKNHZ.gif", "price": "185", "unit_price": "$1.85/ ea", "name": "Salad Stop & Shop Premium Spring Mix", "cnid": "2334", "productId": "128644", "size": "5 oz bag"},
{"thumb": "http://i4.peapod.com/c/KK/KKNHZ.gif", "price": "59", "unit_price": "$.59/ ea", "name": "Shallots", "cnid": "2334", "productId": "124294", "size": "1 ea"},
{"thumb": "http://i4.peapod.com/c/KK/KKNHZ.gif", "price": "200", "unit_price": "$.10/ oz", "name": "Simply Potatoes Hash Browns Shredded", "cnid": "2334", "productId": "1640", "size": "20 oz bag"},
{"thumb": "http://i4.peapod.com/c/KK/KKNHZ.gif", "price": "199", "unit_price": "$.44/ oz", "name": "Spice World Garlic Chopped", "cnid": "2334", "productId": "76239", "size": "4.5 oz jar"},
{"thumb": "http://i4.peapod.com/c/KK/KKNHZ.gif", "price": "599", "unit_price": "$.19/ oz", "name": "Spice World Garlic Minced", "cnid": "2334", "productId": "93696", "size": "32 oz jar"},
{"thumb": "http://i4.peapod.com/c/KK/KKNHZ.gif", "price": "199", "unit_price": "$.25/ oz", "name": "Spice World Garlic Minced", "cnid": "2334", "productId": "76237", "size": "8 oz jar"},
{"thumb": "http://i4.peapod.com/c/KK/KKNHZ.gif", "price": "199", "unit_price": "$.44/ oz", "name": "Spice World Garlic Minced", "cnid": "2334", "productId": "159569", "size": "4.5 oz jar"},
{"thumb": "http://i4.peapod.com/c/KK/KKNHZ.gif", "price": "399", "unit_price": "$.42/ oz", "name": "Spice World Garlic Minced Squeeze", "cnid": "2334", "productId": "164835", "size": "9.5 oz btl"},
{"thumb": "http://i4.peapod.com/c/KK/KKNHZ.gif", "price": "199", "unit_price": "$.50/ oz", "name": "Spice World Ginger Ground", "cnid": "2334", "productId": "139802", "size": "4 oz jar"},
{"thumb": "http://i4.peapod.com/c/KK/KKNHZ.gif", "price": "349", "unit_price": "$3.49/ ea", "name": "Spinach Classic NewStar Cooking with Spinach", "cnid": "2334", "productId": "186542", "size": "16 oz pkg"},
{"thumb": "http://i4.peapod.com/c/KK/KKNHZ.gif", "price": "349", "unit_price": "$3.49/ ea", "name": "Spinach Ready To Microwave Ready Pac", "cnid": "2334", "productId": "155495", "size": "9 oz bag"},
{"thumb": "http://i4.peapod.com/c/KK/KKNHZ.gif", "price": "249", "unit_price": "$2.49/ ea", "name": "Spinach Triple Washed Stop & Shop", "cnid": "2334", "productId": "118780", "size": "8 oz bag"},
{"thumb": "http://i4.peapod.com/c/KK/KKNHZ.gif", "price": "199", "unit_price": "$1.99/ ea", "name": "Sprouts Alfalfa", "cnid": "2334", "productId": "127512", "size": "4 oz pkg"},
{"thumb": "http://i4.peapod.com/c/KK/KKNHZ.gif", "price": "199", "unit_price": "$1.99/ ea", "name": "Sprouts Bean", "cnid": "2334", "productId": "124800", "size": "8 oz pkg"},
{"thumb": "http://i4.peapod.com/c/KK/KKNHZ.gif", "price": "189", "unit_price": "$1.89/ ea", "name": "Squash Acorn", "cnid": "2334", "productId": "118585", "size": "1 ea"},
{"thumb": "http://i4.peapod.com/c/KK/KKNHZ.gif", "price": "179", "unit_price": "$1.79/ ea", "name": "Squash Butternut", "cnid": "2334", "productId": "118589", "size": "1 ea"},
{"thumb": "http://i4.peapod.com/c/KK/KKNHZ.gif", "price": "249", "unit_price": "$2.49/ ea", "name": "Squash Butternut Diced", "cnid": "2334", "productId": "118684", "size": "20 oz pkg"},
{"thumb": "http://i4.peapod.com/c/KK/KKNHZ.gif", "price": "79", "unit_price": "$.79/ ea", "name": "Squash Chayote", "cnid": "2334", "productId": "159557", "size": "1 ea"},
{"thumb": "http://i4.peapod.com/c/KK/KKNHZ.gif", "price": "329", "unit_price": "$3.29/ ea", "name": "Squash Green Nature's Promise Organics - 2 ct", "cnid": "2334", "productId": "150550", "size": "8 oz pkg"},
{"thumb": "http://i4.peapod.com/c/KK/KKNHZ.gif", "price": "199", "unit_price": "$1.99/ ea", "name": "Squash Spaghetti", "cnid": "2334", "productId": "121402", "size": "1 ea"},
{"thumb": "http://i4.peapod.com/c/KK/KKNHZ.gif", "price": "119", "unit_price": "$1.19/ ea", "name": "Squash Yellow", "cnid": "2334", "productId": "121443", "size": "1 ea"},
{"thumb": "http://i4.peapod.com/c/KK/KKNHZ.gif", "price": "329", "unit_price": "$3.29/ ea", "name": "Squash Yellow Nature's Promise Organics - 2 ct", "cnid": "2334", "productId": "150551", "size": "8 oz pkg"},
{"thumb": "http://i4.peapod.com/c/KK/KKNHZ.gif", "price": "119", "unit_price": "$1.19/ ea", "name": "Squash Zucchini", "cnid": "2334", "productId": "118633", "size": "1 ea"},
{"thumb": "http://i4.peapod.com/c/KK/KKNHZ.gif", "price": "349", "unit_price": "$3.49/ ea", "name": "Squash Zucchini Baby", "cnid": "2334", "productId": "150515", "size": "8 oz pkg"},
{"thumb": "http://i4.peapod.com/c/KK/KKNHZ.gif", "price": "79", "unit_price": "$.79/ ea", "name": "Sweet Potatoes", "cnid": "2334", "productId": "118798", "size": "1 ea"},
{"thumb": "http://i4.peapod.com/c/KK/KKNHZ.gif", "price": "399", "unit_price": "$3.99/ ea", "name": "Tomatoes Campari", "cnid": "2334", "productId": "129794", "size": "1 lb pkg"},
{"thumb": "http://i4.peapod.com/c/KK/KKNHZ.gif", "price": "399", "unit_price": "$3.99/ ea", "name": "Tomatoes Cherry One Sweet Tomato", "cnid": "2334", "productId": "157468", "size": "1 pint"},
{"thumb": "http://i4.peapod.com/c/KK/KKNHZ.gif", "price": "299", "unit_price": "$2.99/ ea", "name": "Tomatoes Grape", "cnid": "2334", "productId": "118754", "size": "1 dry pint"},
{"thumb": "http://i4.peapod.com/c/KK/KKNHZ.gif", "price": "399", "unit_price": "$3.99/ ea", "name": "Tomatoes Grape Nature's Promise Organics", "cnid": "2334", "productId": "128486", "size": "1 dry pint"},
{"thumb": "http://i4.peapod.com/c/KK/KKNHZ.gif", "price": "249", "unit_price": "$2.49/ ea", "name": "Tomatoes Guaranteed Value - 4 ct", "cnid": "2334", "productId": "155496", "size": "20 oz pkg"},
{"thumb": "http://i4.peapod.com/c/KK/KKNHZ.gif", "price": "399", "unit_price": "$3.99/ ea", "name": "Tomatoes Kumato", "cnid": "2334", "productId": "158895", "size": "1 lb pkg"},
{"thumb": "http://i4.peapod.com/c/KK/KKNHZ.gif", "price": "109", "unit_price": "$1.09/ ea", "name": "Tomatoes on the Vine", "cnid": "2334", "productId": "118582", "size": "1 ea"},
{"thumb": "http://i4.peapod.com/c/KK/KKNHZ.gif", "price": "50", "unit_price": "$.50/ ea", "name": "Tomatoes Plum Roma", "cnid": "2334", "productId": "118576", "size": "1 ea"},
{"thumb": "http://i4.peapod.com/c/KK/KKNHZ.gif", "price": "149", "unit_price": "$1.49/ ea", "name": "Tomatoes Vine-Ripened Large", "cnid": "2334", "productId": "118627", "size": "1 ea"},
{"thumb": "http://i4.peapod.com/c/KK/KKNHZ.gif", "price": "199", "unit_price": "$1.99/ ea", "name": "Fennel (Anise)", "cnid": "2106", "productId": "123726", "size": "1 ea"},
{"thumb": "http://i4.peapod.com/c/KK/KKNHZ.gif", "price": "349", "unit_price": "$3.49/ ea", "name": "Herbs Basil", "cnid": "2106", "productId": "118568", "size": "2.5 oz pkg"},
{"thumb": "http://i4.peapod.com/c/KK/KKNHZ.gif", "price": "199", "unit_price": "$1.99/ ea", "name": "Herbs Basil Stop & Shop", "cnid": "2106", "productId": "121158", "size": ".75 oz pkg"},
{"thumb": "http://i4.peapod.com/c/KK/KKNHZ.gif", "price": "169", "unit_price": "$1.69/ ea", "name": "Herbs Bay Leaves", "cnid": "2106", "productId": "143459", "size": ".75 oz pkg"},
{"thumb": "http://i4.peapod.com/c/KK/KKNHZ.gif", "price": "349", "unit_price": "$3.49/ ea", "name": "Herbs Cilantro", "cnid": "2106", "productId": "121156", "size": "2.5 oz pkg"},
{"thumb": "http://i4.peapod.com/c/KK/KKNHZ.gif", "price": "159", "unit_price": "$1.59/ ea", "name": "Herbs Cilantro", "cnid": "2106", "productId": "118600", "size": "1 bunch"},
{"thumb": "http://i4.peapod.com/c/KK/KKNHZ.gif", "price": "199", "unit_price": "$1.99/ ea", "name": "Herbs Dill", "cnid": "2106", "productId": "159440", "size": ".75 oz pkg"},
{"thumb": "http://i4.peapod.com/c/KK/KKNHZ.gif", "price": "169", "unit_price": "$1.69/ ea", "name": "Herbs Dill", "cnid": "2106", "productId": "159439", "size": "1 bunch"},
{"thumb": "http://i4.peapod.com/c/KK/KKNHZ.gif", "price": "199", "unit_price": "$1.99/ ea", "name": "Herbs Mint", "cnid": "2106", "productId": "159454", "size": "1 bunch"},
{"thumb": "http://i4.peapod.com/c/KK/KKNHZ.gif", "price": "199", "unit_price": "$1.99/ ea", "name": "Herbs Mint Fresh", "cnid": "2106", "productId": "131064", "size": ".75 oz pkg"},
{"thumb": "http://i4.peapod.com/c/KK/KKNHZ.gif", "price": "199", "unit_price": "$1.99/ ea", "name": "Herbs Oregano", "cnid": "2106", "productId": "127032", "size": ".67 oz pkg"},
{"thumb": "http://i4.peapod.com/c/KK/KKNHZ.gif", "price": "249", "unit_price": "$2.49/ ea", "name": "Herbs Rosemary Skewers - 3 ct", "cnid": "2106", "productId": "143460", "size": "1 pkg"},
{"thumb": "http://i4.peapod.com/c/KK/KKNHZ.gif", "price": "199", "unit_price": "$1.99/ ea", "name": "Herbs Rosemary Stop & Shop", "cnid": "2106", "productId": "121161", "size": ".75 oz pkg"},
{"thumb": "http://i4.peapod.com/c/KK/KKNHZ.gif", "price": "169", "unit_price": "$1.69/ ea", "name": "Herbs Sage Fresh", "cnid": "2106", "productId": "131141", "size": ".75 oz pkg"},
{"thumb": "http://i4.peapod.com/c/KK/KKNHZ.gif", "price": "169", "unit_price": "$1.69/ ea", "name": "Herbs Tarragon", "cnid": "2106", "productId": "131447", "size": ".75 oz pkt"},
{"thumb": "http://i4.peapod.com/c/KK/KKNHZ.gif", "price": "199", "unit_price": "$1.99/ ea", "name": "Herbs Thyme Stop & Shop", "cnid": "2106", "productId": "121163", "size": ".75 oz pkg"},
{"thumb": "http://i4.peapod.com/c/KK/KKNHZ.gif", "price": "99", "unit_price": "$.99/ ea", "name": "Parsley Curly", "cnid": "2106", "productId": "121155", "size": "1 bunch"},
{"thumb": "http://i4.peapod.com/c/KK/KKNHZ.gif", "price": "99", "unit_price": "$.99/ ea", "name": "Parsley Italian", "cnid": "2106", "productId": "118574", "size": "1 bunch"},
{"thumb": "http://i4.peapod.com/c/KK/KKNHZ.gif", "price": "1799", "unit_price": "$17.99/ ea", "name": "Fruit Basket Traditional", "cnid": "3016", "productId": "38336", "size": "14 ct pkg"},
{"thumb": "http://i4.peapod.com/c/KK/KKNHZ.gif", "price": "1899", "unit_price": "$18.99/ ea", "name": "Fruit Platter Large Cut Serves 8-10", "cnid": "3016", "productId": "111143", "size": "apx 4 lb"},
{"thumb": "http://i4.peapod.com/c/KK/KKNHZ.gif", "price": "2599", "unit_price": "$25.99/ ea", "name": "Fruit Tray Festive Favorite - 23 ct", "cnid": "3016", "productId": "89296", "size": "1 platter"},
{"thumb": "http://i4.peapod.com/c/KK/KKNHZ.gif", "price": "1899", "unit_price": "$18.99/ ea", "name": "Vegetable Platter Large Cut Serves 8-10", "cnid": "3016", "productId": "111142", "size": "apx 4 lb"},
{"thumb": "http://i4.peapod.com/c/KK/KKNHZ.gif", "price": "999", "unit_price": "$9.99/ ea", "name": "Vegetable Platter Small Cuts Serves 4-5", "cnid": "3016", "productId": "145304", "size": "apx 2 lb"},
{"thumb": "http://i4.peapod.com/c/KK/KKNHZ.gif", "price": "69", "unit_price": "$.69/ ea", "name": "Apples Braeburn", "cnid": "2155", "productId": "118565", "size": "1 ea"},
{"thumb": "http://i4.peapod.com/c/KK/KKNHZ.gif", "price": "399", "unit_price": "$3.99/ ea", "name": "Apples Empire", "cnid": "2155", "productId": "118751", "size": "3 lb bag"},
{"thumb": "http://i4.peapod.com/c/KK/KKNHZ.gif", "price": "69", "unit_price": "$.69/ ea", "name": "Apples Fuji", "cnid": "2155", "productId": "118601", "size": "1 ea"},
{"thumb": "http://i4.peapod.com/c/KK/KKNHZ.gif", "price": "129", "unit_price": "$1.29/ ea", "name": "Apples Fuji Nature's Promise Organics", "cnid": "2155", "productId": "147411", "size": "1 ea"},
{"thumb": "http://i4.peapod.com/c/KK/KKNHZ.gif", "price": "99", "unit_price": "$.99/ ea", "name": "Apples Gala", "cnid": "2155", "productId": "118580", "size": "1 ea"},
{"thumb": "http://i4.peapod.com/c/KK/KKNHZ.gif", "price": "599", "unit_price": "$5.99/ ea", "name": "Apples Gala Nature's Promise Organics", "cnid": "2155", "productId": "147679", "size": "3 lb bag"},
{"thumb": "http://i4.peapod.com/c/KK/KKNHZ.gif", "price": "89", "unit_price": "$.89/ ea", "name": "Apples Golden Delicious", "cnid": "2155", "productId": "118603", "size": "1 ea"},
{"thumb": "http://i4.peapod.com/c/KK/KKNHZ.gif", "price": "599", "unit_price": "$5.99/ ea", "name": "Apples Golden Delicious Nature's Promise Organics", "cnid": "2155", "productId": "130817", "size": "3 lb bag"},
{"thumb": "http://i4.peapod.com/c/KK/KKNHZ.gif", "price": "99", "unit_price": "$.99/ ea", "name": "Apples Granny Smith", "cnid": "2155", "productId": "118570", "size": "1 ea"},
{"thumb": "http://i4.peapod.com/c/KK/KKNHZ.gif", "price": "399", "unit_price": "$3.99/ ea", "name": "Apples Granny Smith", "cnid": "2155", "productId": "118753", "size": "3 lb bag"},
{"thumb": "http://i4.peapod.com/c/KK/KKNHZ.gif", "price": "599", "unit_price": "$5.99/ ea", "name": "Apples Granny Smith Nature's Promise Organics", "cnid": "2155", "productId": "154205", "size": "3 lb bag"},
{"thumb": "http://i4.peapod.com/c/KK/KKNHZ.gif", "price": "129", "unit_price": "$1.29/ ea", "name": "Apples Granny Smith Nature's Promise Organics", "cnid": "2155", "productId": "132478", "size": "1 ea"},
{"thumb": "http://i4.peapod.com/c/KK/KKNHZ.gif", "price": "449", "unit_price": "$4.49/ ea", "name": "Apples Green Slices Mott's - 6 pk", "cnid": "2155", "productId": "152067", "size": "12 oz pkg"},
{"thumb": "http://i4.peapod.com/c/KK/KKNHZ.gif", "price": "109", "unit_price": "$1.09/ ea", "name": "Apples Honeycrisp", "cnid": "2155", "productId": "136044", "size": "1 ea"},
{"thumb": "http://i4.peapod.com/c/KK/KKNHZ.gif", "price": "399", "unit_price": "$3.99/ ea", "name": "Apples McIntosh", "cnid": "2155", "productId": "118760", "size": "3 lb bag"},
{"thumb": "http://i4.peapod.com/c/KK/KKNHZ.gif", "price": "79", "unit_price": "$.79/ ea", "name": "Apples McIntosh", "cnid": "2155", "productId": "118612", "size": "1 ea"},
{"thumb": "http://i4.peapod.com/c/KK/KKNHZ.gif", "price": "89", "unit_price": "$.89/ ea", "name": "Apples Red Delicious", "cnid": "2155", "productId": "118620", "size": "1 ea"},
{"thumb": "http://i4.peapod.com/c/KK/KKNHZ.gif", "price": "399", "unit_price": "$3.99/ ea", "name": "Apples Red Delicious", "cnid": "2155", "productId": "118765", "size": "3 lb bag"},
{"thumb": "http://i4.peapod.com/c/KK/KKNHZ.gif", "price": "599", "unit_price": "$5.99/ ea", "name": "Apples Red Delicious Nature's Promise Organics", "cnid": "2155", "productId": "140165", "size": "3 lb bag"},
{"thumb": "http://i4.peapod.com/c/KK/KKNHZ.gif", "price": "129", "unit_price": "$1.29/ ea", "name": "Apples Red Delicious Nature's Promise Organics", "cnid": "2155", "productId": "140164", "size": "1 ea"},
{"thumb": "http://i4.peapod.com/c/KK/KKNHZ.gif", "price": "449", "unit_price": "$4.49/ ea", "name": "Apples Red Slices Mott's - 6 pk", "cnid": "2155", "productId": "152066", "size": "12 oz pkg"},
{"thumb": "http://i4.peapod.com/c/KK/KKNHZ.gif", "price": "100", "unit_price": "$1.00/ ea", "name": "Avocado Hass", "cnid": "2155", "productId": "118590", "size": "1 ea"},
{"thumb": "http://i4.peapod.com/c/KK/KKNHZ.gif", "price": "33", "unit_price": "$.33/ ea", "name": "Banana Green", "cnid": "2155", "productId": "118563", "size": "1 ea"},
{"thumb": "http://i4.peapod.com/c/KK/KKNHZ.gif", "price": "399", "unit_price": "$3.99/ ea", "name": "Bananas Organic - apx 5-6 ct", "cnid": "2155", "productId": "136016", "size": "1 bunch"},
{"thumb": "http://i4.peapod.com/c/KK/KKNHZ.gif", "price": "33", "unit_price": "$.33/ ea", "name": "Banana Yellow", "cnid": "2155", "productId": "118564", "size": "1 ea"},
{"thumb": "http://i4.peapod.com/c/KK/KKNHZ.gif", "price": "299", "unit_price": "$2.99/ ea", "name": "Blackberries", "cnid": "2155", "productId": "184149", "size": "6 oz pkg"},
{"thumb": "http://i4.peapod.com/c/KK/KKNHZ.gif", "price": "499", "unit_price": "$4.99/ ea", "name": "Blueberries", "cnid": "2155", "productId": "124493", "size": "1 dry pint"},
{"thumb": "http://i4.peapod.com/c/KK/KKNHZ.gif", "price": "499", "unit_price": "$4.99/ ea", "name": "Blueberries Organic", "cnid": "2155", "productId": "135282", "size": "1/2 dry pnt"},
{"thumb": "http://i4.peapod.com/c/KK/KKNHZ.gif", "price": "699", "unit_price": "$6.99/ ea", "name": "Clementines Gift Box", "cnid": "2155", "productId": "38339", "size": "5 lb box"},
{"thumb": "http://i4.peapod.com/c/KK/KKNHZ.gif", "price": "149", "unit_price": "$.30/ oz", "name": "Concord Foods Candy Apple Kit - 10 ct", "cnid": "2155", "productId": "135754", "size": "5 oz box"},
{"thumb": "http://i4.peapod.com/c/KK/KKNHZ.gif", "price": "299", "unit_price": "$.46/ oz", "name": "Concord Foods Caramel Apple Wrap - 5 ct", "cnid": "2155", "productId": "135749", "size": "6.5 oz pkg"},
{"thumb": "http://i4.peapod.com/c/KK/KKNHZ.gif", "price": "159", "unit_price": "$1.59/ ea", "name": "Del Monte Fruit Naturals Grapefruit Red in Extra Light Syrup", "cnid": "2155", "productId": "133896", "size": "7 oz cup"},
{"thumb": "http://i4.peapod.com/c/KK/KKNHZ.gif", "price": "159", "unit_price": "$1.59/ ea", "name": "Del Monte Fruit Naturals Grapefruit Red No Sugar Added", "cnid": "2155", "productId": "158949", "size": "6.5 oz cup"},
{"thumb": "http://i4.peapod.com/c/KK/KKNHZ.gif", "price": "159", "unit_price": "$1.59/ ea", "name": "Del Monte Fruit Naturals Mandarin Oranges in Extra Light Syrup", "cnid": "2155", "productId": "141197", "size": "7 oz cup"},
{"thumb": "http://i4.peapod.com/c/KK/KKNHZ.gif", "price": "159", "unit_price": "$1.59/ ea", "name": "Del Monte Fruit Naturals Peach Chunks Yellow Cling in Extra Light Syrup", "cnid": "2155", "productId": "133897", "size": "7 oz cup"},
{"thumb": "http://i4.peapod.com/c/KK/KKNHZ.gif", "price": "399", "unit_price": "$3.99/ ea", "name": "Del Monte Orchard Select Peaches Cling Sliced", "cnid": "2155", "productId": "127306", "size": "20 oz jar"},
{"thumb": "http://i4.peapod.com/c/KK/KKNHZ.gif", "price": "399", "unit_price": "$3.99/ ea", "name": "Del Monte Orchard Select Peaches Cling Sliced No Sugar Added", "cnid": "2155", "productId": "159559", "size": "19 oz jar"},
{"thumb": "http://i4.peapod.com/c/KK/KKNHZ.gif", "price": "499", "unit_price": "$4.99/ ea", "name": "Del Monte Pineapple Cored", "cnid": "2155", "productId": "125717", "size": "20 oz tub"},
{"thumb": "http://i4.peapod.com/c/KK/KKNHZ.gif", "price": "399", "unit_price": "$3.99/ ea", "name": "Del Monte SunFresh Grapefruit Red in Extra Light Syrup", "cnid": "2155", "productId": "20910", "size": "20 oz jar"},
{"thumb": "http://i4.peapod.com/c/KK/KKNHZ.gif", "price": "799", "unit_price": "$7.99/ ea", "name": "Del Monte SunFresh Grapefruit Red in Slightly Sweetened Juice", "cnid": "2155", "productId": "159458", "size": "64 oz jar"},
{"thumb": "http://i4.peapod.com/c/KK/KKNHZ.gif", "price": "399", "unit_price": "$3.99/ ea", "name": "Del Monte SunFresh Tropical Fruit in Light Syrup with Passion Fruit Juice", "cnid": "2155", "productId": "159459", "size": "20 oz jar"},
{"thumb": "http://i4.peapod.com/c/KK/KKNHZ.gif", "price": "699", "unit_price": "$1.75/ lb", "name": "Fruit Mixed (Red Delicious Apples, Granny Smith Apples & Navel Oranges)", "cnid": "2155", "productId": "164849", "size": "4 lb bag"},
{"thumb": "http://i4.peapod.com/c/KK/KKNHZ.gif", "price": "100", "unit_price": "$1.00/ ea", "name": "Grapefruit Red", "cnid": "2155", "productId": "118621", "size": "1 ea"},
{"thumb": "http://i4.peapod.com/c/KK/KKNHZ.gif", "price": "499", "unit_price": "$4.99/ ea", "name": "Grapefruit Red Stop & Shop", "cnid": "2155", "productId": "109145", "size": "5 lb bag"},
{"thumb": "http://i4.peapod.com/c/KK/KKNHZ.gif", "price": "399", "unit_price": "$3.99/ ea", "name": "Grapes Black Seedless", "cnid": "2155", "productId": "128414", "size": "apx 1 lb"},
{"thumb": "http://i4.peapod.com/c/KK/KKNHZ.gif", "price": "399", "unit_price": "$3.99/ ea", "name": "Grapes Green Seedless", "cnid": "2155", "productId": "118572", "size": "apx 1 lb"},
{"thumb": "http://i4.peapod.com/c/KK/KKNHZ.gif", "price": "399", "unit_price": "$3.99/ ea", "name": "Grapes Red Seedless", "cnid": "2155", "productId": "118624", "size": "apx 1 lb"},
{"thumb": "http://i4.peapod.com/c/KK/KKNHZ.gif", "price": "50", "unit_price": "$.50/ ea", "name": "Kiwi Fruit", "cnid": "2155", "productId": "118608", "size": "1 ea"},
{"thumb": "http://i4.peapod.com/c/KK/KKNHZ.gif", "price": "399", "unit_price": "$3.99/ ea", "name": "Kiwi Fruit Value Pack", "cnid": "2155", "productId": "192983", "size": "2 lb bag"},
{"thumb": "http://i4.peapod.com/c/KK/KKNHZ.gif", "price": "89", "unit_price": "$.89/ ea", "name": "Lemons", "cnid": "2155", "productId": "118609", "size": "1 ea"},
{"thumb": "http://i4.peapod.com/c/KK/KKNHZ.gif", "price": "349", "unit_price": "$3.49/ ea", "name": "Lemons", "cnid": "2155", "productId": "159830", "size": "2 lb bag"},
{"thumb": "http://i4.peapod.com/c/KK/KKNHZ.gif", "price": "50", "unit_price": "$.50/ ea", "name": "Limes", "cnid": "2155", "productId": "118610", "size": "1 ea"},
{"thumb": "http://i4.peapod.com/c/KK/KKNHZ.gif", "price": "199", "unit_price": "$1.99/ ea", "name": "Limes Key", "cnid": "2155", "productId": "136943", "size": "1 lb bag"},
{"thumb": "http://i4.peapod.com/c/KK/KKNHZ.gif", "price": "1499", "unit_price": "$14.99/ ea", "name": "Luau Bowl Cut Mixed Fruit", "cnid": "2155", "productId": "145305", "size": "50 oz pkg"},
{"thumb": "http://i4.peapod.com/c/KK/KKNHZ.gif", "price": "100", "unit_price": "$1.00/ ea", "name": "Mangos", "cnid": "2155", "productId": "118611", "size": "1 ea"},
{"thumb": "http://i4.peapod.com/c/KK/KKNHZ.gif", "price": "299", "unit_price": "$2.99/ ea", "name": "Melon Cantaloupe", "cnid": "2155", "productId": "118591", "size": "1 ea"},
{"thumb": "http://i4.peapod.com/c/KK/KKNHZ.gif", "price": "499", "unit_price": "$4.99/ ea", "name": "Melon Cantaloupe Chunks", "cnid": "2155", "productId": "145298", "size": "22 oz cup"},
{"thumb": "http://i4.peapod.com/c/KK/KKNHZ.gif", "price": "349", "unit_price": "$3.49/ ea", "name": "Melon Honeydew", "cnid": "2155", "productId": "118606", "size": "1 ea"},
{"thumb": "http://i4.peapod.com/c/KK/KKNHZ.gif", "price": "349", "unit_price": "$3.49/ ea", "name": "Melon Watermelon Chunks", "cnid": "2155", "productId": "145299", "size": "10 oz cup"},
{"thumb": "http://i4.peapod.com/c/KK/KKNHZ.gif", "price": "599", "unit_price": "$5.99/ ea", "name": "Melon Watermelon Hearts Fresh Cuts", "cnid": "2155", "productId": "187802", "size": "21 oz pkg"},
{"thumb": "http://i4.peapod.com/c/KK/KKNHZ.gif", "price": "399", "unit_price": "$3.99/ ea", "name": "Melon Watermelon Personal Size", "cnid": "2155", "productId": "143866", "size": "1 ea"},
{"thumb": "http://i4.peapod.com/c/KK/KKNHZ.gif", "price": "499", "unit_price": "$.45/ oz", "name": "Nature's Promise Organics Apricots Turkish", "cnid": "2155", "productId": "140436", "size": "11 oz pkg"},
{"thumb": "http://i4.peapod.com/c/KK/KKNHZ.gif", "price": "499", "unit_price": "$.50/ oz", "name": "Nature's Promise Organics Figs Turkish", "cnid": "2155", "productId": "140437", "size": "10 oz pkg"},
{"thumb": "http://i4.peapod.com/c/KK/KKNHZ.gif", "price": "599", "unit_price": "$5.99/ ea", "name": "Nature's Promise Organics Oranges", "cnid": "2155", "productId": "138744", "size": "4 lb bag"},
{"thumb": "http://i4.peapod.com/c/KK/KKNHZ.gif", "price": "79", "unit_price": "$.79/ ea", "name": "Nectarines", "cnid": "2155", "productId": "118573", "size": "1 ea"},
{"thumb": "http://i4.peapod.com/c/KK/KKNHZ.gif", "price": "150", "unit_price": "$1.50/ ea", "name": "Oranges Cara Cara", "cnid": "2155", "productId": "136926", "size": "1 ea"},
{"thumb": "http://i4.peapod.com/c/KK/KKNHZ.gif", "price": "100", "unit_price": "$1.00/ ea", "name": "Oranges Navel", "cnid": "2155", "productId": "118566", "size": "1 ea"},
{"thumb": "http://i4.peapod.com/c/KK/KKNHZ.gif", "price": "499", "unit_price": "$4.99/ ea", "name": "Oranges Navel", "cnid": "2155", "productId": "124803", "size": "4 lb bag"},
{"thumb": "http://i4.peapod.com/c/KK/KKNHZ.gif", "price": "299", "unit_price": "$2.99/ ea", "name": "Papaya Hawaiian", "cnid": "2155", "productId": "121502", "size": "1 ea"},
{"thumb": "http://i4.peapod.com/c/KK/KKNHZ.gif", "price": "69", "unit_price": "$.69/ ea", "name": "Pears Anjou", "cnid": "2155", "productId": "118635", "size": "1 ea"},
{"thumb": "http://i4.peapod.com/c/KK/KKNHZ.gif", "price": "129", "unit_price": "$1.29/ ea", "name": "Pears Anjou Organic", "cnid": "2155", "productId": "126191", "size": "1 ea"},
{"thumb": "http://i4.peapod.com/c/KK/KKNHZ.gif", "price": "199", "unit_price": "$1.99/ ea", "name": "Pears Apple Brown Asian", "cnid": "2155", "productId": "124741", "size": "1 ea"},
{"thumb": "http://i4.peapod.com/c/KK/KKNHZ.gif", "price": "89", "unit_price": "$.89/ ea", "name": "Pears Bartlett", "cnid": "2155", "productId": "118640", "size": "1 ea"},
{"thumb": "http://i4.peapod.com/c/KK/KKNHZ.gif", "price": "69", "unit_price": "$.69/ ea", "name": "Pears Bosc", "cnid": "2155", "productId": "118587", "size": "1 ea"},
{"thumb": "http://i4.peapod.com/c/KK/KKNHZ.gif", "price": "109", "unit_price": "$1.09/ ea", "name": "Pears Forelle", "cnid": "2155", "productId": "129661", "size": "1 ea"},
{"thumb": "http://i4.peapod.com/c/KK/KKNHZ.gif", "price": "109", "unit_price": "$1.09/ ea", "name": "Pears Red", "cnid": "2155", "productId": "13168", "size": "1 ea"},
{"thumb": "http://i4.peapod.com/c/KK/KKNHZ.gif", "price": "349", "unit_price": "$3.49/ ea", "name": "Pineapple Golden Rings", "cnid": "2155", "productId": "131098", "size": "10 oz cup"},
{"thumb": "http://i4.peapod.com/c/KK/KKNHZ.gif", "price": "299", "unit_price": "$2.99/ ea", "name": "Pineapple Golden Whole", "cnid": "2155", "productId": "118569", "size": "1 ea"},
{"thumb": "http://i4.peapod.com/c/KK/KKNHZ.gif", "price": "40", "unit_price": "$.40/ ea", "name": "Plantain (Platano)", "cnid": "2155", "productId": "118619", "size": "1 ea"},
{"thumb": "http://i4.peapod.com/c/KK/KKNHZ.gif", "price": "79", "unit_price": "$.79/ ea", "name": "Plums", "cnid": "2155", "productId": "118578", "size": "1 ea"},
{"thumb": "http://i4.peapod.com/c/KK/KKNHZ.gif", "price": "399", "unit_price": "$3.99/ ea", "name": "Raspberries Red", "cnid": "2155", "productId": "118767", "size": "1/2 dry pnt"},
{"thumb": "http://i4.peapod.com/c/KK/KKNHZ.gif", "price": "200", "unit_price": "$2.00/ ea", "name": "Strawberries", "cnid": "2155", "productId": "118795", "size": "16 oz pkg"},
{"thumb": "http://i4.peapod.com/c/KK/KKNHZ.gif", "price": "799", "unit_price": "$7.99/ ea", "name": "Strawberries", "cnid": "2155", "productId": "118796", "size": "32 oz pkg"},
{"thumb": "http://i4.peapod.com/c/KK/KKNHZ.gif", "price": "599", "unit_price": "$5.99/ ea", "name": "Strawberries Organic", "cnid": "2155", "productId": "124320", "size": "16 oz pkg"},
{"thumb": "http://i4.peapod.com/c/KK/KKNHZ.gif", "price": "69", "unit_price": "$.69/ ea", "name": "Tangerines", "cnid": "2155", "productId": "118799", "size": "1 ea"},
{"thumb": "http://i4.peapod.com/c/KK/KKNHZ.gif", "price": "333", "unit_price": "$3.33/ ea", "name": "African Violets 4 Inch Pot", "cnid": "2099", "productId": "186849", "size": "1 ea"},
{"thumb": "http://i4.peapod.com/c/KK/KKNHZ.gif", "price": "799", "unit_price": "$7.99/ ea", "name": "Alstro Rose Bouquet", "cnid": "2099", "productId": "134571", "size": "1 bunch"},
{"thumb": "http://i4.peapod.com/c/KK/KKNHZ.gif", "price": "999", "unit_price": "$9.99/ ea", "name": "Campanula Bellflower Purple 4 Inch Pot", "cnid": "2099", "productId": "186852", "size": "1 ea"},
{"thumb": "http://i4.peapod.com/c/KK/KKNHZ.gif", "price": "599", "unit_price": "$5.99/ ea", "name": "Carnations", "cnid": "2099", "productId": "116982", "size": "8 stems"},
{"thumb": "http://i4.peapod.com/c/KK/KKNHZ.gif", "price": "599", "unit_price": "$5.99/ ea", "name": "Carnations Mini (Assorted Colors)", "cnid": "2099", "productId": "177882", "size": "8 stems"},
{"thumb": "http://i4.peapod.com/c/KK/KKNHZ.gif", "price": "599", "unit_price": "$5.99/ ea", "name": "Carnations Rainbow Mini", "cnid": "2099", "productId": "186845", "size": "8 stems"},
{"thumb": "http://i4.peapod.com/c/KK/KKNHZ.gif", "price": "299", "unit_price": "$2.99/ ea", "name": "Daffodils", "cnid": "2099", "productId": "48571", "size": "10 stems"},
{"thumb": "http://i4.peapod.com/c/KK/KKNHZ.gif", "price": "899", "unit_price": "$8.99/ ea", "name": "Elegance Bouquet", "cnid": "2099", "productId": "88085", "size": "1 ea"},
{"thumb": "http://i4.peapod.com/c/KK/KKNHZ.gif", "price": "4999", "unit_price": "$49.99/ ea", "name": "Esquisite Roses Red Arrangement with Vase", "cnid": "2099", "productId": "88087", "size": "1 doz"},
{"thumb": "http://i4.peapod.com/c/KK/KKNHZ.gif", "price": "499", "unit_price": "$4.99/ ea", "name": "Foliage 4 Inch Pot (Assorted)", "cnid": "2099", "productId": "186857", "size": "1 ea"},
{"thumb": "http://i4.peapod.com/c/KK/KKNHZ.gif", "price": "999", "unit_price": "$9.99/ ea", "name": "Foliage 6 Inch Pot (Assorted)", "cnid": "2099", "productId": "88083", "size": "1 ea"},
{"thumb": "http://i4.peapod.com/c/KK/KKNHZ.gif", "price": "1799", "unit_price": "$17.99/ ea", "name": "Garden Delight Bouquet", "cnid": "2099", "productId": "186843", "size": "1 bunch"},
{"thumb": "http://i4.peapod.com/c/KK/KKNHZ.gif", "price": "599", "unit_price": "$5.99/ ea", "name": "Gerbera Daisy 4.5 Inch Pot (Assorted Colors)", "cnid": "2099", "productId": "186854", "size": "1 ea"},
{"thumb": "http://i4.peapod.com/c/KK/KKNHZ.gif", "price": "1099", "unit_price": "$10.99/ ea", "name": "Market Fresh Bouquet", "cnid": "2099", "productId": "186839", "size": "11 stems"},
{"thumb": "http://i4.peapod.com/c/KK/KKNHZ.gif", "price": "349", "unit_price": "$.44/ oz", "name": "Miracle-Gro All-Purpose Plant Food 8-7-6 Liquid", "cnid": "2099", "productId": "38940", "size": "8 oz btl"},
{"thumb": "http://i4.peapod.com/c/KK/KKNHZ.gif", "price": "199", "unit_price": "$1.81/ oz", "name": "Miracle-Gro Indoor Plant Food Spikes 6-12-6 - 24 ct", "cnid": "2099", "productId": "92899", "size": "1.1 oz pkg"},
{"thumb": "http://i4.peapod.com/c/KK/KKNHZ.gif", "price": "999", "unit_price": "$9.99/ ea", "name": "Peace Lily 6 Inch Pot", "cnid": "2099", "productId": "41139", "size": "1 ea"},
{"thumb": "http://i4.peapod.com/c/KK/KKNHZ.gif", "price": "699", "unit_price": "$6.99/ ea", "name": "Rose Bouquet (Single Rose)", "cnid": "2099", "productId": "49712", "size": "1 ea"},
{"thumb": "http://i4.peapod.com/c/KK/KKNHZ.gif", "price": "699", "unit_price": "$6.99/ ea", "name": "Rose Plant Mini 4.5 Inch Pot (Assorted Colors)", "cnid": "2099", "productId": "32999", "size": "1 ea"},
{"thumb": "http://i4.peapod.com/c/KK/KKNHZ.gif", "price": "1099", "unit_price": "$10.99/ ea", "name": "Rose Plant Mini 6 Inch Pot (Colors May Vary)", "cnid": "2099", "productId": "41144", "size": "1 ea"},
{"thumb": "http://i4.peapod.com/c/KK/KKNHZ.gif", "price": "3999", "unit_price": "$39.99/ ea", "name": "Roses Red Exquisite with Babies Breath Wrapped", "cnid": "2099", "productId": "116984", "size": "1 doz"},
{"thumb": "http://i4.peapod.com/c/KK/KKNHZ.gif", "price": "1499", "unit_price": "$14.99/ ea", "name": "Roses Red Long Stem", "cnid": "2099", "productId": "42774", "size": "1 doz"},
{"thumb": "http://i4.peapod.com/c/KK/KKNHZ.gif", "price": "4999", "unit_price": "$49.99/ ea", "name": "Roses Red Long Stem in Vase", "cnid": "2099", "productId": "72948", "size": "1 doz"},
{"thumb": "http://i4.peapod.com/c/KK/KKNHZ.gif", "price": "299", "unit_price": "$.02/ oz", "name": "Schultz Potting Soil Plus for Indoor & Outdoor Plants", "cnid": "2099", "productId": "134577", "size": "4 qt bag"},
{"thumb": "http://i4.peapod.com/c/KK/KKNHZ.gif", "price": "699", "unit_price": "$.01/ oz", "name": "Schultz Professional Potting Soil Plus Complete Potting & Planting Mix", "cnid": "2099", "productId": "134576", "size": "16 qt bag"},
{"thumb": "http://i4.peapod.com/c/KK/KKNHZ.gif", "price": "499", "unit_price": "$.02/ oz", "name": "Schultz Professional Potting Soil Plus Complete Potting & Planting Mix", "cnid": "2099", "productId": "116996", "size": "8 qt bag"},
{"thumb": "http://i4.peapod.com/c/KK/KKNHZ.gif", "price": "600", "unit_price": "$6.00/ ea", "name": "Simply Enjoy Alstroemeria", "cnid": "2099", "productId": "192938", "size": "1 bunch"},
{"thumb": "http://i4.peapod.com/c/KK/KKNHZ.gif", "price": "1999", "unit_price": "$19.99/ ea", "name": "Simply Enjoy Bouquet", "cnid": "2099", "productId": "192937", "size": "1 bunch"},
{"thumb": "http://i4.peapod.com/c/KK/KKNHZ.gif", "price": "2499", "unit_price": "$24.99/ ea", "name": "Simply Enjoy Premium Majestic Rose", "cnid": "2099", "productId": "192939", "size": "1 bunch"},
{"thumb": "http://i4.peapod.com/c/KK/KKNHZ.gif", "price": "599", "unit_price": "$5.99/ ea", "name": "Spray Mums (Assorted Colors)", "cnid": "2099", "productId": "116992", "size": "5 stems"},
{"thumb": "http://i4.peapod.com/c/KK/KKNHZ.gif", "price": "1599", "unit_price": "$15.99/ ea", "name": "Spray Roses (Assorted Colors)", "cnid": "2099", "productId": "66059", "size": "4 stems"},
{"thumb": "http://i4.peapod.com/c/KK/KKNHZ.gif", "price": "599", "unit_price": "$5.99/ ea", "name": "Starter Bunch Bouquet", "cnid": "2099", "productId": "186844", "size": "1 bunch"},
{"thumb": "http://i4.peapod.com/c/KK/KKNHZ.gif", "price": "999", "unit_price": "$9.99/ ea", "name": "Sunflowers", "cnid": "2099", "productId": "155486", "size": "7 stems"},
{"thumb": "http://i4.peapod.com/c/KK/KKNHZ.gif", "price": "999", "unit_price": "$9.99/ ea", "name": "Theme of the Month Bouquet", "cnid": "2099", "productId": "186842", "size": "1 bunch"},
{"thumb": "http://i4.peapod.com/c/KK/KKNHZ.gif", "price": "899", "unit_price": "$8.99/ ea", "name": "Tulip Bouquet (Colors May Vary)", "cnid": "2099", "productId": "76487", "size": "10 stems"},
{"thumb": "http://i4.peapod.com/c/KK/KKNHZ.gif", "price": "799", "unit_price": "$7.99/ ea", "name": "Victory Rose 4 Inch Pot (Assorted Colors)", "cnid": "2099", "productId": "186856", "size": "1 ea"},
{"thumb": "http://i4.peapod.com/c/KK/KKNHZ.gif", "price": "1299", "unit_price": "$12.99/ ea", "name": "Wild Flowers Bouquet", "cnid": "2099", "productId": "82328", "size": "1 ea"},
{"thumb": "http://i4.peapod.com/c/KK/KKNHZ.gif", "price": "333", "unit_price": "$3.33/ ea", "name": "African Violets 4 Inch Pot", "cnid": "1563202020262054296", "productId": "186849", "size": "1 ea"},
{"thumb": "http://i4.peapod.com/c/KK/KKNHZ.gif", "price": "799", "unit_price": "$7.99/ ea", "name": "Alstro Rose Bouquet", "cnid": "1563202020262054296", "productId": "134571", "size": "1 bunch"},
{"thumb": "http://i4.peapod.com/c/KK/KKNHZ.gif", "price": "999", "unit_price": "$9.99/ ea", "name": "Campanula Bellflower Purple 4 Inch Pot", "cnid": "1563202020262054296", "productId": "186852", "size": "1 ea"},
{"thumb": "http://i4.peapod.com/c/KK/KKNHZ.gif", "price": "599", "unit_price": "$5.99/ ea", "name": "Carnations", "cnid": "1563202020262054296", "productId": "116982", "size": "8 stems"},
{"thumb": "http://i4.peapod.com/c/KK/KKNHZ.gif", "price": "599", "unit_price": "$5.99/ ea", "name": "Carnations Mini (Assorted Colors)", "cnid": "1563202020262054296", "productId": "177882", "size": "8 stems"},
{"thumb": "http://i4.peapod.com/c/KK/KKNHZ.gif", "price": "599", "unit_price": "$5.99/ ea", "name": "Carnations Rainbow Mini", "cnid": "1563202020262054296", "productId": "186845", "size": "8 stems"},
{"thumb": "http://i4.peapod.com/c/KK/KKNHZ.gif", "price": "299", "unit_price": "$2.99/ ea", "name": "Daffodils", "cnid": "1563202020262054296", "productId": "48571", "size": "10 stems"},
{"thumb": "http://i4.peapod.com/c/KK/KKNHZ.gif", "price": "899", "unit_price": "$8.99/ ea", "name": "Elegance Bouquet", "cnid": "1563202020262054296", "productId": "88085", "size": "1 ea"},
{"thumb": "http://i4.peapod.com/c/KK/KKNHZ.gif", "price": "4999", "unit_price": "$49.99/ ea", "name": "Esquisite Roses Red Arrangement with Vase", "cnid": "1563202020262054296", "productId": "88087", "size": "1 doz"},
{"thumb": "http://i4.peapod.com/c/KK/KKNHZ.gif", "price": "499", "unit_price": "$4.99/ ea", "name": "Foliage 4 Inch Pot (Assorted)", "cnid": "1563202020262054296", "productId": "186857", "size": "1 ea"},
{"thumb": "http://i4.peapod.com/c/KK/KKNHZ.gif", "price": "999", "unit_price": "$9.99/ ea", "name": "Foliage 6 Inch Pot (Assorted)", "cnid": "1563202020262054296", "productId": "88083", "size": "1 ea"},
{"thumb": "http://i4.peapod.com/c/KK/KKNHZ.gif", "price": "1799", "unit_price": "$17.99/ ea", "name": "Garden Delight Bouquet", "cnid": "1563202020262054296", "productId": "186843", "size": "1 bunch"},
{"thumb": "http://i4.peapod.com/c/KK/KKNHZ.gif", "price": "599", "unit_price": "$5.99/ ea", "name": "Gerbera Daisy 4.5 Inch Pot (Assorted Colors)", "cnid": "1563202020262054296", "productId": "186854", "size": "1 ea"},
{"thumb": "http://i4.peapod.com/c/KK/KKNHZ.gif", "price": "1099", "unit_price": "$10.99/ ea", "name": "Market Fresh Bouquet", "cnid": "1563202020262054296", "productId": "186839", "size": "11 stems"},
{"thumb": "http://i4.peapod.com/c/KK/KKNHZ.gif", "price": "349", "unit_price": "$.44/ oz", "name": "Miracle-Gro All-Purpose Plant Food 8-7-6 Liquid", "cnid": "1563202020262054296", "productId": "38940", "size": "8 oz btl"},
{"thumb": "http://i4.peapod.com/c/KK/KKNHZ.gif", "price": "199", "unit_price": "$1.81/ oz", "name": "Miracle-Gro Indoor Plant Food Spikes 6-12-6 - 24 ct", "cnid": "1563202020262054296", "productId": "92899", "size": "1.1 oz pkg"},
{"thumb": "http://i4.peapod.com/c/KK/KKNHZ.gif", "price": "999", "unit_price": "$9.99/ ea", "name": "Peace Lily 6 Inch Pot", "cnid": "1563202020262054296", "productId": "41139", "size": "1 ea"},
{"thumb": "http://i4.peapod.com/c/KK/KKNHZ.gif", "price": "699", "unit_price": "$6.99/ ea", "name": "Rose Bouquet (Single Rose)", "cnid": "1563202020262054296", "productId": "49712", "size": "1 ea"},
{"thumb": "http://i4.peapod.com/c/KK/KKNHZ.gif", "price": "699", "unit_price": "$6.99/ ea", "name": "Rose Plant Mini 4.5 Inch Pot (Assorted Colors)", "cnid": "1563202020262054296", "productId": "32999", "size": "1 ea"},
{"thumb": "http://i4.peapod.com/c/KK/KKNHZ.gif", "price": "1099", "unit_price": "$10.99/ ea", "name": "Rose Plant Mini 6 Inch Pot (Colors May Vary)", "cnid": "1563202020262054296", "productId": "41144", "size": "1 ea"},
{"thumb": "http://i4.peapod.com/c/KK/KKNHZ.gif", "price": "3999", "unit_price": "$39.99/ ea", "name": "Roses Red Exquisite with Babies Breath Wrapped", "cnid": "1563202020262054296", "productId": "116984", "size": "1 doz"},
{"thumb": "http://i4.peapod.com/c/KK/KKNHZ.gif", "price": "1499", "unit_price": "$14.99/ ea", "name": "Roses Red Long Stem", "cnid": "1563202020262054296", "productId": "42774", "size": "1 doz"},
{"thumb": "http://i4.peapod.com/c/KK/KKNHZ.gif", "price": "4999", "unit_price": "$49.99/ ea", "name": "Roses Red Long Stem in Vase", "cnid": "1563202020262054296", "productId": "72948", "size": "1 doz"},
{"thumb": "http://i4.peapod.com/c/KK/KKNHZ.gif", "price": "299", "unit_price": "$.02/ oz", "name": "Schultz Potting Soil Plus for Indoor & Outdoor Plants", "cnid": "1563202020262054296", "productId": "134577", "size": "4 qt bag"},
{"thumb": "http://i4.peapod.com/c/KK/KKNHZ.gif", "price": "699", "unit_price": "$.01/ oz", "name": "Schultz Professional Potting Soil Plus Complete Potting & Planting Mix", "cnid": "1563202020262054296", "productId": "134576", "size": "16 qt bag"},
{"thumb": "http://i4.peapod.com/c/KK/KKNHZ.gif", "price": "499", "unit_price": "$.02/ oz", "name": "Schultz Professional Potting Soil Plus Complete Potting & Planting Mix", "cnid": "1563202020262054296", "productId": "116996", "size": "8 qt bag"},
{"thumb": "http://i4.peapod.com/c/KK/KKNHZ.gif", "price": "600", "unit_price": "$6.00/ ea", "name": "Simply Enjoy Alstroemeria", "cnid": "1563202020262054296", "productId": "192938", "size": "1 bunch"},
{"thumb": "http://i4.peapod.com/c/KK/KKNHZ.gif", "price": "1999", "unit_price": "$19.99/ ea", "name": "Simply Enjoy Bouquet", "cnid": "1563202020262054296", "productId": "192937", "size": "1 bunch"},
{"thumb": "http://i4.peapod.com/c/KK/KKNHZ.gif", "price": "2499", "unit_price": "$24.99/ ea", "name": "Simply Enjoy Premium Majestic Rose", "cnid": "1563202020262054296", "productId": "192939", "size": "1 bunch"},
{"thumb": "http://i4.peapod.com/c/KK/KKNHZ.gif", "price": "599", "unit_price": "$5.99/ ea", "name": "Spray Mums (Assorted Colors)", "cnid": "1563202020262054296", "productId": "116992", "size": "5 stems"},
{"thumb": "http://i4.peapod.com/c/KK/KKNHZ.gif", "price": "1599", "unit_price": "$15.99/ ea", "name": "Spray Roses (Assorted Colors)", "cnid": "1563202020262054296", "productId": "66059", "size": "4 stems"},
{"thumb": "http://i4.peapod.com/c/KK/KKNHZ.gif", "price": "599", "unit_price": "$5.99/ ea", "name": "Starter Bunch Bouquet", "cnid": "1563202020262054296", "productId": "186844", "size": "1 bunch"},
{"thumb": "http://i4.peapod.com/c/KK/KKNHZ.gif", "price": "999", "unit_price": "$9.99/ ea", "name": "Sunflowers", "cnid": "1563202020262054296", "productId": "155486", "size": "7 stems"},
{"thumb": "http://i4.peapod.com/c/KK/KKNHZ.gif", "price": "999", "unit_price": "$9.99/ ea", "name": "Theme of the Month Bouquet", "cnid": "1563202020262054296", "productId": "186842", "size": "1 bunch"},
{"thumb": "http://i4.peapod.com/c/KK/KKNHZ.gif", "price": "899", "unit_price": "$8.99/ ea", "name": "Tulip Bouquet (Colors May Vary)", "cnid": "1563202020262054296", "productId": "76487", "size": "10 stems"},
{"thumb": "http://i4.peapod.com/c/KK/KKNHZ.gif", "price": "799", "unit_price": "$7.99/ ea", "name": "Victory Rose 4 Inch Pot (Assorted Colors)", "cnid": "1563202020262054296", "productId": "186856", "size": "1 ea"},
{"thumb": "http://i4.peapod.com/c/KK/KKNHZ.gif", "price": "1299", "unit_price": "$12.99/ ea", "name": "Wild Flowers Bouquet", "cnid": "1563202020262054296", "productId": "82328", "size": "1 ea"},
{"thumb": "http://i4.peapod.com/c/KK/KKNHZ.gif", "price": "333", "unit_price": "$3.33/ ea", "name": "African Violets 4 Inch Pot", "cnid": "15632020262034991", "productId": "186849", "size": "1 ea"},
{"thumb": "http://i4.peapod.com/c/KK/KKNHZ.gif", "price": "799", "unit_price": "$7.99/ ea", "name": "Alstro Rose Bouquet", "cnid": "15632020262034991", "productId": "134571", "size": "1 bunch"},
{"thumb": "http://i4.peapod.com/c/KK/KKNHZ.gif", "price": "999", "unit_price": "$9.99/ ea", "name": "Campanula Bellflower Purple 4 Inch Pot", "cnid": "15632020262034991", "productId": "186852", "size": "1 ea"},
{"thumb": "http://i4.peapod.com/c/KK/KKNHZ.gif", "price": "599", "unit_price": "$5.99/ ea", "name": "Carnations", "cnid": "15632020262034991", "productId": "116982", "size": "8 stems"},
{"thumb": "http://i4.peapod.com/c/KK/KKNHZ.gif", "price": "599", "unit_price": "$5.99/ ea", "name": "Carnations Mini (Assorted Colors)", "cnid": "15632020262034991", "productId": "177882", "size": "8 stems"},
{"thumb": "http://i4.peapod.com/c/KK/KKNHZ.gif", "price": "599", "unit_price": "$5.99/ ea", "name": "Carnations Rainbow Mini", "cnid": "15632020262034991", "productId": "186845", "size": "8 stems"},
{"thumb": "http://i4.peapod.com/c/KK/KKNHZ.gif", "price": "299", "unit_price": "$2.99/ ea", "name": "Daffodils", "cnid": "15632020262034991", "productId": "48571", "size": "10 stems"},
{"thumb": "http://i4.peapod.com/c/KK/KKNHZ.gif", "price": "899", "unit_price": "$8.99/ ea", "name": "Elegance Bouquet", "cnid": "15632020262034991", "productId": "88085", "size": "1 ea"},
{"thumb": "http://i4.peapod.com/c/KK/KKNHZ.gif", "price": "4999", "unit_price": "$49.99/ ea", "name": "Esquisite Roses Red Arrangement with Vase", "cnid": "15632020262034991", "productId": "88087", "size": "1 doz"},
{"thumb": "http://i4.peapod.com/c/KK/KKNHZ.gif", "price": "499", "unit_price": "$4.99/ ea", "name": "Foliage 4 Inch Pot (Assorted)", "cnid": "15632020262034991", "productId": "186857", "size": "1 ea"},
{"thumb": "http://i4.peapod.com/c/KK/KKNHZ.gif", "price": "999", "unit_price": "$9.99/ ea", "name": "Foliage 6 Inch Pot (Assorted)", "cnid": "15632020262034991", "productId": "88083", "size": "1 ea"},
{"thumb": "http://i4.peapod.com/c/KK/KKNHZ.gif", "price": "1799", "unit_price": "$17.99/ ea", "name": "Garden Delight Bouquet", "cnid": "15632020262034991", "productId": "186843", "size": "1 bunch"},
{"thumb": "http://i4.peapod.com/c/KK/KKNHZ.gif", "price": "599", "unit_price": "$5.99/ ea", "name": "Gerbera Daisy 4.5 Inch Pot (Assorted Colors)", "cnid": "15632020262034991", "productId": "186854", "size": "1 ea"},
{"thumb": "http://i4.peapod.com/c/KK/KKNHZ.gif", "price": "1099", "unit_price": "$10.99/ ea", "name": "Market Fresh Bouquet", "cnid": "15632020262034991", "productId": "186839", "size": "11 stems"},
{"thumb": "http://i4.peapod.com/c/KK/KKNHZ.gif", "price": "349", "unit_price": "$.44/ oz", "name": "Miracle-Gro All-Purpose Plant Food 8-7-6 Liquid", "cnid": "15632020262034991", "productId": "38940", "size": "8 oz btl"},
{"thumb": "http://i4.peapod.com/c/KK/KKNHZ.gif", "price": "199", "unit_price": "$1.81/ oz", "name": "Miracle-Gro Indoor Plant Food Spikes 6-12-6 - 24 ct", "cnid": "15632020262034991", "productId": "92899", "size": "1.1 oz pkg"},
{"thumb": "http://i4.peapod.com/c/KK/KKNHZ.gif", "price": "999", "unit_price": "$9.99/ ea", "name": "Peace Lily 6 Inch Pot", "cnid": "15632020262034991", "productId": "41139", "size": "1 ea"},
{"thumb": "http://i4.peapod.com/c/KK/KKNHZ.gif", "price": "699", "unit_price": "$6.99/ ea", "name": "Rose Bouquet (Single Rose)", "cnid": "15632020262034991", "productId": "49712", "size": "1 ea"},
{"thumb": "http://i4.peapod.com/c/KK/KKNHZ.gif", "price": "699", "unit_price": "$6.99/ ea", "name": "Rose Plant Mini 4.5 Inch Pot (Assorted Colors)", "cnid": "15632020262034991", "productId": "32999", "size": "1 ea"},
{"thumb": "http://i4.peapod.com/c/KK/KKNHZ.gif", "price": "1099", "unit_price": "$10.99/ ea", "name": "Rose Plant Mini 6 Inch Pot (Colors May Vary)", "cnid": "15632020262034991", "productId": "41144", "size": "1 ea"},
{"thumb": "http://i4.peapod.com/c/KK/KKNHZ.gif", "price": "3999", "unit_price": "$39.99/ ea", "name": "Roses Red Exquisite with Babies Breath Wrapped", "cnid": "15632020262034991", "productId": "116984", "size": "1 doz"},
{"thumb": "http://i4.peapod.com/c/KK/KKNHZ.gif", "price": "1499", "unit_price": "$14.99/ ea", "name": "Roses Red Long Stem", "cnid": "15632020262034991", "productId": "42774", "size": "1 doz"},
{"thumb": "http://i4.peapod.com/c/KK/KKNHZ.gif", "price": "4999", "unit_price": "$49.99/ ea", "name": "Roses Red Long Stem in Vase", "cnid": "15632020262034991", "productId": "72948", "size": "1 doz"},
{"thumb": "http://i4.peapod.com/c/KK/KKNHZ.gif", "price": "299", "unit_price": "$.02/ oz", "name": "Schultz Potting Soil Plus for Indoor & Outdoor Plants", "cnid": "15632020262034991", "productId": "134577", "size": "4 qt bag"},
{"thumb": "http://i4.peapod.com/c/KK/KKNHZ.gif", "price": "699", "unit_price": "$.01/ oz", "name": "Schultz Professional Potting Soil Plus Complete Potting & Planting Mix", "cnid": "15632020262034991", "productId": "134576", "size": "16 qt bag"},
{"thumb": "http://i4.peapod.com/c/KK/KKNHZ.gif", "price": "499", "unit_price": "$.02/ oz", "name": "Schultz Professional Potting Soil Plus Complete Potting & Planting Mix", "cnid": "15632020262034991", "productId": "116996", "size": "8 qt bag"},
{"thumb": "http://i4.peapod.com/c/KK/KKNHZ.gif", "price": "600", "unit_price": "$6.00/ ea", "name": "Simply Enjoy Alstroemeria", "cnid": "15632020262034991", "productId": "192938", "size": "1 bunch"},
{"thumb": "http://i4.peapod.com/c/KK/KKNHZ.gif", "price": "1999", "unit_price": "$19.99/ ea", "name": "Simply Enjoy Bouquet", "cnid": "15632020262034991", "productId": "192937", "size": "1 bunch"},
{"thumb": "http://i4.peapod.com/c/KK/KKNHZ.gif", "price": "2499", "unit_price": "$24.99/ ea", "name": "Simply Enjoy Premium Majestic Rose", "cnid": "15632020262034991", "productId": "192939", "size": "1 bunch"},
{"thumb": "http://i4.peapod.com/c/KK/KKNHZ.gif", "price": "599", "unit_price": "$5.99/ ea", "name": "Spray Mums (Assorted Colors)", "cnid": "15632020262034991", "productId": "116992", "size": "5 stems"},
{"thumb": "http://i4.peapod.com/c/KK/KKNHZ.gif", "price": "1599", "unit_price": "$15.99/ ea", "name": "Spray Roses (Assorted Colors)", "cnid": "15632020262034991", "productId": "66059", "size": "4 stems"},
{"thumb": "http://i4.peapod.com/c/KK/KKNHZ.gif", "price": "599", "unit_price": "$5.99/ ea", "name": "Starter Bunch Bouquet", "cnid": "15632020262034991", "productId": "186844", "size": "1 bunch"},
{"thumb": "http://i4.peapod.com/c/KK/KKNHZ.gif", "price": "999", "unit_price": "$9.99/ ea", "name": "Sunflowers", "cnid": "15632020262034991", "productId": "155486", "size": "7 stems"},
{"thumb": "http://i4.peapod.com/c/KK/KKNHZ.gif", "price": "999", "unit_price": "$9.99/ ea", "name": "Theme of the Month Bouquet", "cnid": "15632020262034991", "productId": "186842", "size": "1 bunch"},
{"thumb": "http://i4.peapod.com/c/KK/KKNHZ.gif", "price": "899", "unit_price": "$8.99/ ea", "name": "Tulip Bouquet (Colors May Vary)", "cnid": "15632020262034991", "productId": "76487", "size": "10 stems"},
{"thumb": "http://i4.peapod.com/c/KK/KKNHZ.gif", "price": "799", "unit_price": "$7.99/ ea", "name": "Victory Rose 4 Inch Pot (Assorted Colors)", "cnid": "15632020262034991", "productId": "186856", "size": "1 ea"},
{"thumb": "http://i4.peapod.com/c/KK/KKNHZ.gif", "price": "1299", "unit_price": "$12.99/ ea", "name": "Wild Flowers Bouquet", "cnid": "15632020262034991", "productId": "82328", "size": "1 ea"},
{"thumb": "http://i4.peapod.com/c/KK/KKNHZ.gif", "price": "499", "unit_price": "$4.99/ lb", "name": "Ground Veal American Fresh", "cnid": "2864", "productId": "149315", "size": "apx 1 lb"},
{"thumb": "http://i4.peapod.com/c/KK/KKNHZ.gif", "price": "824", "unit_price": "$10.99/ lb", "name": "Veal Cutlets Leg American - 4 ct Fresh", "cnid": "2864", "productId": "58785", "size": "apx 3/4 lb"},
{"thumb": "http://i4.peapod.com/c/KK/KKNHZ.gif", "price": "699", "unit_price": "$6.99/ lb", "name": "Veal Stew Meat Boneless American Fresh", "cnid": "2864", "productId": "149316", "size": "apx 1 lb"},
{"thumb": "http://i4.peapod.com/c/KK/KKNHZ.gif", "price": "649", "unit_price": "$3.71/ lb", "name": "Cooked Perfect Meatballs Turkey Dinner Size Frozen", "cnid": "2863", "productId": "128697", "size": "28 oz bag"},
{"thumb": "http://i4.peapod.com/c/KK/KKNHZ.gif", "price": "899", "unit_price": "$3.00/ lb", "name": "Jennie-O Turkey Store Turkey Burgers Original Natural - 12 ct Frozen", "cnid": "2863", "productId": "145702", "size": "3 lb bag"},
{"thumb": "http://i4.peapod.com/c/KK/KKNHZ.gif", "price": "998", "unit_price": "$4.99/ lb", "name": "Kentucky Legend Turkey Breast 1/4 Fully Cooked Fresh", "cnid": "2863", "productId": "159598", "size": "apx 2 lb"},
{"thumb": "http://i4.peapod.com/c/KK/KKNHZ.gif", "price": "449", "unit_price": "$4.49/ lb", "name": "Nature's Promise Naturals Turkey Burgers - 4 ct Fresh", "cnid": "2863", "productId": "190249", "size": "16 oz pkg"},
{"thumb": "http://i4.peapod.com/c/KK/KKNHZ.gif", "price": "699", "unit_price": "$6.99/ lb", "name": "Nature's Promise Naturals Turkey Cutlets Thin Sliced Fresh", "cnid": "2863", "productId": "163006", "size": "apx 1 lb"},
{"thumb": "http://i4.peapod.com/c/KK/KKNHZ.gif", "price": "399", "unit_price": "$3.99/ lb", "name": "Nature's Promise Naturals Turkey Ground 94% Fat Free Fresh", "cnid": "2863", "productId": "150422", "size": "16 oz pkg"},
{"thumb": "http://i4.peapod.com/c/KK/KKNHZ.gif", "price": "399", "unit_price": "$3.99/ lb", "name": "Perdue Turkey Ground Lean Fresh", "cnid": "2863", "productId": "103220", "size": "16 oz pkg"},
{"thumb": "http://i4.peapod.com/c/KK/KKNHZ.gif", "price": "499", "unit_price": "$4.99/ lb", "name": "Perdue Turkey Patties Ground - 4 ct Fresh", "cnid": "2863", "productId": "43515", "size": "1 lb pkg"},
{"thumb": "http://i4.peapod.com/c/KK/KKNHZ.gif", "price": "898", "unit_price": "$5.99/ lb", "name": "Shady Brook Farms Turkey Breast Cutlets Fresh", "cnid": "2863", "productId": "155394", "size": "apx 1.5 lb"},
{"thumb": "http://i4.peapod.com/c/KK/KKNHZ.gif", "price": "699", "unit_price": "$5.38/ lb", "name": "Shady Brook Farms Turkey Breast Ground 99% Fat Free Fresh", "cnid": "2863", "productId": "144817", "size": "20.8 oz pkg"},
{"thumb": "http://i4.peapod.com/c/KK/KKNHZ.gif", "price": "622", "unit_price": "$2.49/ lb", "name": "Shady Brook Farms Turkey Drumsticks Fresh", "cnid": "2863", "productId": "73082", "size": "apx 2-3 lb"},
{"thumb": "http://i4.peapod.com/c/KK/KKNHZ.gif", "price": "499", "unit_price": "$3.84/ lb", "name": "Shady Brook Farms Turkey Ground 93% Fat Free Fresh", "cnid": "2863", "productId": "144676", "size": "20.8 oz pkg"},
{"thumb": "http://i4.peapod.com/c/KK/KKNHZ.gif", "price": "349", "unit_price": "$4.65/ lb", "name": "Shady Brook Farms Turkey Meatballs Italian Style Fresh", "cnid": "2863", "productId": "125008", "size": "12 oz pkg"},
{"thumb": "http://i4.peapod.com/c/KK/KKNHZ.gif", "price": "899", "unit_price": "$8.99/ lb", "name": "Stop & Shop Turkey Breast Rotisserie Fully Cooked Refrigerated", "cnid": "2863", "productId": "151515", "size": "1 ea"},
{"thumb": "http://i4.peapod.com/c/KK/KKNHZ.gif", "price": "1094", "unit_price": "$1.99/ lb", "name": "Stop & Shop Turkey Breast Whole Fresh", "cnid": "2863", "productId": "100407", "size": "apx 4-7 lb"},
{"thumb": "http://i4.peapod.com/c/KK/KKNHZ.gif", "price": "599", "unit_price": "$23.96/ lb", "name": "Acme Salmon Nova Smoked Ready To Eat & Pre-Sliced Fresh", "cnid": "1633", "productId": "150578", "size": "4 oz pkg"},
{"thumb": "http://i4.peapod.com/c/KK/KKNHZ.gif", "price": "399", "unit_price": "$3.99/ lb", "name": "Bantry Bay Mussels in Garlic Butter Sauce Frozen", "cnid": "1633", "productId": "132916", "size": "16 oz pkg"},
{"thumb": "http://i4.peapod.com/c/KK/KKNHZ.gif", "price": "399", "unit_price": "$3.99/ lb", "name": "Bantry Bay Mussels in Tomato Garlic Sauce Frozen", "cnid": "1633", "productId": "132974", "size": "16 oz box"},
{"thumb": "http://i4.peapod.com/c/KK/KKNHZ.gif", "price": "349", "unit_price": "$3.49/ lb", "name": "Catfish Nuggets Fresh", "cnid": "1633", "productId": "162480", "size": "apx 1 lb"},
{"thumb": "http://i4.peapod.com/c/KK/KKNHZ.gif", "price": "998", "unit_price": "$4.99/ lb", "name": "Clams Cherrystone - 12 ct Fresh", "cnid": "1633", "productId": "128620", "size": "apx 2 lb"},
{"thumb": "http://i4.peapod.com/c/KK/KKNHZ.gif", "price": "549", "unit_price": "$5.49/ lb", "name": "Clams Chopped Sea Wild Caught Fresh", "cnid": "1633", "productId": "125533", "size": "16 oz tub"},
{"thumb": "http://i4.peapod.com/c/KK/KKNHZ.gif", "price": "199", "unit_price": "$6.42/ lb", "name": "Clams Gourmet Stuffed - 1 ct Ready to Heat", "cnid": "1633", "productId": "162481", "size": "5 oz pkg"},
{"thumb": "http://i4.peapod.com/c/KK/KKNHZ.gif", "price": "399", "unit_price": "$.67/ ea", "name": "Clams Littleneck Fresh", "cnid": "1633", "productId": "124113", "size": "6 ct pkg"},
{"thumb": "http://i4.peapod.com/c/KK/KKNHZ.gif", "price": "499", "unit_price": "$4.99/ lb", "name": "Clams Steamer Wild Caught Fresh", "cnid": "1633", "productId": "138798", "size": "apx 1 lb"},
{"thumb": "http://i4.peapod.com/c/KK/KKNHZ.gif", "price": "449", "unit_price": "$5.99/ lb", "name": "Cod Fillet Boneless Previously Frozen", "cnid": "1633", "productId": "38859", "size": "apx 3/4 lb"},
{"thumb": "http://i4.peapod.com/c/KK/KKNHZ.gif", "price": "599", "unit_price": "$5.99/ lb", "name": "Cod Loins Captain's Cut Wild Caught Previously Frozen", "cnid": "1633", "productId": "155504", "size": "apx 1 lb"},
{"thumb": "http://i4.peapod.com/c/KK/KKNHZ.gif", "price": "1799", "unit_price": "$11.99/ lb", "name": "Crab Clusters Dungeness Frozen", "cnid": "1633", "productId": "123788", "size": "apx 1.5 lb"},
{"thumb": "http://i4.peapod.com/c/KK/KKNHZ.gif", "price": "699", "unit_price": "$9.32/ lb", "name": "Dockside Classics RTH Gourmet Lobster Cakes - 4 ct Fresh", "cnid": "1633", "productId": "162340", "size": "12 oz pkg"},
{"thumb": "http://i4.peapod.com/c/KK/KKNHZ.gif", "price": "699", "unit_price": "$9.32/ lb", "name": "Dockside Classics RTH Premium Crab Cakes - 4 ct Fresh", "cnid": "1633", "productId": "149975", "size": "12 oz pkg"},
{"thumb": "http://i4.peapod.com/c/KK/KKNHZ.gif", "price": "469", "unit_price": "$5.79/ lb", "name": "Dr. Praeger's Fish Sticks Lightly Breaded - 14 ct Frozen", "cnid": "1633", "productId": "156390", "size": "13 oz box"},
{"thumb": "http://i4.peapod.com/c/KK/KKNHZ.gif", "price": "499", "unit_price": "$19.96/ lb", "name": "Echo Falls Salmon Atlantic Smoked Hot Cajun", "cnid": "1633", "productId": "134506", "size": "4 oz pkg"},
{"thumb": "http://i4.peapod.com/c/KK/KKNHZ.gif", "price": "499", "unit_price": "$19.96/ lb", "name": "Echo Falls Salmon Atlantic Smoked Hot Cracked Pepper", "cnid": "1633", "productId": "134507", "size": "4 oz pkg"},
{"thumb": "http://i4.peapod.com/c/KK/KKNHZ.gif", "price": "799", "unit_price": "$7.40/ lb", "name": "Gorton's Beer Battered Tenders Frozen", "cnid": "1633", "productId": "162191", "size": "17.3 oz box"},
{"thumb": "http://i4.peapod.com/c/KK/KKNHZ.gif", "price": "399", "unit_price": "$8.31/ lb", "name": "Gorton's Fillets Haddock Crispy Battered - 4 ct Frozen", "cnid": "1633", "productId": "153296", "size": "7.6 oz box"},
{"thumb": "http://i4.peapod.com/c/KK/KKNHZ.gif", "price": "399", "unit_price": "$5.62/ lb", "name": "Gorton's Fish Fillets Breaded Crunchy - 6 ct Frozen", "cnid": "1633", "productId": "68507", "size": "11.4 oz box"},
{"thumb": "http://i4.peapod.com/c/KK/KKNHZ.gif", "price": "399", "unit_price": "$5.78/ lb", "name": "Gorton's Fish Fillets Breaded Garlic & Herb - 6 ct Frozen", "cnid": "1633", "productId": "23056", "size": "11 oz box"},
{"thumb": "http://i4.peapod.com/c/KK/KKNHZ.gif", "price": "599", "unit_price": "$5.03/ lb", "name": "Gorton's Fish Fillets Crisp Battered - 10 ct Frozen", "cnid": "1633", "productId": "162186", "size": "19 oz pkg"},
{"thumb": "http://i4.peapod.com/c/KK/KKNHZ.gif", "price": "349", "unit_price": "$7.93/ lb", "name": "Gorton's Fish Fillets Grilled Garlic Butter - 2 ct Frozen", "cnid": "1633", "productId": "162187", "size": "7.6 oz box"},
{"thumb": "http://i4.peapod.com/c/KK/KKNHZ.gif", "price": "349", "unit_price": "$7.27/ lb", "name": "Gorton's Fish Fillets Grilled Lemon Butter - 2 ct Frozen", "cnid": "1633", "productId": "108021", "size": "7.6 oz box"},
{"thumb": "http://i4.peapod.com/c/KK/KKNHZ.gif", "price": "399", "unit_price": "$10.23/ lb", "name": "Gorton's Fish Fillets Grilled Salmon Lemon Butter - 2 ct Frozen", "cnid": "1633", "productId": "162188", "size": "6.3 oz box"},
{"thumb": "http://i4.peapod.com/c/KK/KKNHZ.gif", "price": "399", "unit_price": "$10.23/ lb", "name": "Gorton's Fish Fillets Grilled Tilapia Signature Grilled - 2 ct Frozen", "cnid": "1633", "productId": "162189", "size": "6.3 oz box"},
{"thumb": "http://i4.peapod.com/c/KK/KKNHZ.gif", "price": "799", "unit_price": "$7.01/ lb", "name": "Gorton's Fish Fillets Potato Crunch - 10 ct Frozen", "cnid": "1633", "productId": "154067", "size": "18.2 oz box"},
{"thumb": "http://i4.peapod.com/c/KK/KKNHZ.gif", "price": "599", "unit_price": "$3.91/ lb", "name": "Gorton's Fish Portions Batter Dipped Value Pack - 12 ct Frozen", "cnid": "1633", "productId": "38670", "size": "24.5 oz bag"},
{"thumb": "http://i4.peapod.com/c/KK/KKNHZ.gif", "price": "399", "unit_price": "$5.62/ lb", "name": "Gorton's Fish Sticks Breaded Crunchy - 18 ct Frozen", "cnid": "1633", "productId": "6286", "size": "11.4 oz box"},
{"thumb": "http://i4.peapod.com/c/KK/KKNHZ.gif", "price": "599", "unit_price": "$3.91/ lb", "name": "Gorton's Fish Sticks Breaded Crunchy - 44 ct Frozen", "cnid": "1633", "productId": "6280", "size": "24.5 oz bag"},
{"thumb": "http://i4.peapod.com/c/KK/KKNHZ.gif", "price": "399", "unit_price": "$6.05/ lb", "name": "Gorton's Fish Tenders Extra Crunchy Frozen", "cnid": "1633", "productId": "119992", "size": "10.6 oz box"},
{"thumb": "http://i4.peapod.com/c/KK/KKNHZ.gif", "price": "949", "unit_price": "$8.79/ lb", "name": "Gorton's Premium Fillets Haddock Extra Large - 5 ct Frozen", "cnid": "1633", "productId": "148961", "size": "17.2 oz box"},
{"thumb": "http://i4.peapod.com/c/KK/KKNHZ.gif", "price": "399", "unit_price": "$10.23/ lb", "name": "Gorton's Salmon Classic Grilled - 2 ct Frozen", "cnid": "1633", "productId": "156281", "size": "6.3 oz box"},
{"thumb": "http://i4.peapod.com/c/KK/KKNHZ.gif", "price": "499", "unit_price": "$5.67/ lb", "name": "Gorton's Shrimp Popcorn Frozen", "cnid": "1633", "productId": "162190", "size": "14 oz box"},
{"thumb": "http://i4.peapod.com/c/KK/KKNHZ.gif", "price": "599", "unit_price": "$7.99/ lb", "name": "Haddock Fillet Previously Frozen", "cnid": "1633", "productId": "186709", "size": "apx 3/4 lb"},
{"thumb": "http://i4.peapod.com/c/KK/KKNHZ.gif", "price": "549", "unit_price": "$10.98/ lb", "name": "High Liner Sea Cuisine Shrimp Scampi Frozen", "cnid": "1633", "productId": "162312", "size": "8 oz pkg"},
{"thumb": "http://i4.peapod.com/c/KK/KKNHZ.gif", "price": "549", "unit_price": "$8.71/ lb", "name": "High Liner Sea Cuisine Tilapia Lemon Pepper - 2 ct Frozen", "cnid": "1633", "productId": "139809", "size": "10 oz pkg"},
{"thumb": "http://i4.peapod.com/c/KK/KKNHZ.gif", "price": "1249", "unit_price": "$9.99/ lb", "name": "Lobster Chicken Cooked Fresh", "cnid": "1633", "productId": "155385", "size": "apx 1.2 lb"},
{"thumb": "http://i4.peapod.com/c/KK/KKNHZ.gif", "price": "167", "unit_price": "$3.34/ lb", "name": "Louis Kemp Crab Delights Imitation Crab Meat Chunk Style Fresh", "cnid": "1633", "productId": "74584", "size": "8 oz pkg"},
{"thumb": "http://i4.peapod.com/c/KK/KKNHZ.gif", "price": "167", "unit_price": "$3.34/ lb", "name": "Louis Kemp Lobster Delights Imitation Lobster Meat Chunk Style Fresh", "cnid": "1633", "productId": "41771", "size": "8 oz pkg"},
{"thumb": "http://i4.peapod.com/c/KK/KKNHZ.gif", "price": "599", "unit_price": "$9.51/ lb", "name": "Margaritaville Shrimp Calypso Coconut - 8 ct Frozen", "cnid": "1633", "productId": "133607", "size": "10 oz box"},
{"thumb": "http://i4.peapod.com/c/KK/KKNHZ.gif", "price": "599", "unit_price": "$11.98/ lb", "name": "Margaritaville Shrimp Island Lime Frozen", "cnid": "1633", "productId": "133584", "size": "8 oz box"},
{"thumb": "http://i4.peapod.com/c/KK/KKNHZ.gif", "price": "599", "unit_price": "$11.98/ lb", "name": "Margaritaville Shrimp Jammin' Jerk Frozen", "cnid": "1633", "productId": "140030", "size": "8 oz box"},
{"thumb": "http://i4.peapod.com/c/KK/KKNHZ.gif", "price": "399", "unit_price": "$3.19/ lb", "name": "Matlaw's Clams Stuffed - 9 ct Frozen", "cnid": "1633", "productId": "37145", "size": "20 oz pkg"},
{"thumb": "http://i4.peapod.com/c/KK/KKNHZ.gif", "price": "1499", "unit_price": "$19.99/ lb", "name": "Salmon Fillet Alaskan Sockeye Wild Caught Previously Frozen", "cnid": "1633", "productId": "44494", "size": "apx 3/4 lb"},
{"thumb": "http://i4.peapod.com/c/KK/KKNHZ.gif", "price": "562", "unit_price": "$7.49/ lb", "name": "Salmon Fillet Super-Trim Farm-Raised Fresh", "cnid": "1633", "productId": "90668", "size": "apx 3/4 lb"},
{"thumb": "http://i4.peapod.com/c/KK/KKNHZ.gif", "price": "674", "unit_price": "$8.99/ lb", "name": "Salmon Steak Bone-In Farm-Raised Fresh", "cnid": "1633", "productId": "39355", "size": "apx 3/4 lb"},
{"thumb": "http://i4.peapod.com/c/KK/KKNHZ.gif", "price": "1199", "unit_price": "$15.99/ lb", "name": "Scallops Sea Fresh", "cnid": "1633", "productId": "42505", "size": "apx 3/4 lb"},
{"thumb": "http://i4.peapod.com/c/KK/KKNHZ.gif", "price": "599", "unit_price": "$4.79/ lb", "name": "SeaPak Shrimp Popcorn Oven Crunchy Frozen", "cnid": "1633", "productId": "162257", "size": "20 oz box"},
{"thumb": "http://i4.peapod.com/c/KK/KKNHZ.gif", "price": "899", "unit_price": "$11.99/ lb", "name": "Stop & Shop Cod Fillets Boneless Skinless Alaskan Wild Caught 2 ct Frozen", "cnid": "1633", "productId": "155390", "size": "12 oz pkg"},
{"thumb": "http://i4.peapod.com/c/KK/KKNHZ.gif", "price": "799", "unit_price": "$10.65/ lb", "name": "Stop & Shop Haddock Fillets Boneless Skinless Wild Caught Natural Frozen", "cnid": "1633", "productId": "155391", "size": "12 oz pkg"},
{"thumb": "http://i4.peapod.com/c/KK/KKNHZ.gif", "price": "999", "unit_price": "$13.32/ lb", "name": "Stop & Shop Salmon Fillets Sockeye Wild Caught All Natural - 2 ct Frozen", "cnid": "1633", "productId": "155389", "size": "12 oz bag"},
{"thumb": "http://i4.peapod.com/c/KK/KKNHZ.gif", "price": "699", "unit_price": "$6.99/ lb", "name": "Stop & Shop Scallops Bay Raw Farm-Raised All Natural Frozen", "cnid": "1633", "productId": "161095", "size": "16 oz pkg"},
{"thumb": "http://i4.peapod.com/c/KK/KKNHZ.gif", "price": "1599", "unit_price": "$15.99/ lb", "name": "Stop & Shop Scallops Sea Raw North Atlantic Jumbo 10-20 ct Frozen", "cnid": "1633", "productId": "161096", "size": "16 oz pkg"},
{"thumb": "http://i4.peapod.com/c/KK/KKNHZ.gif", "price": "1998", "unit_price": "$9.99/ lb", "name": "Stop & Shop Shrimp Cooked Tail-On Extra Large - 31-40 ct Frozen", "cnid": "1633", "productId": "184074", "size": "2 lb bag"},
{"thumb": "http://i4.peapod.com/c/KK/KKNHZ.gif", "price": "2198", "unit_price": "$10.99/ lb", "name": "Stop & Shop Shrimp Cooked Tail-On Jumbo - 26-30 ct Frozen", "cnid": "1633", "productId": "184073", "size": "2 lb bag"},
{"thumb": "http://i4.peapod.com/c/KK/KKNHZ.gif", "price": "1598", "unit_price": "$7.99/ lb", "name": "Stop & Shop Shrimp Raw Shell-On Simple Peel Jumbo - 21-25 ct Frozen", "cnid": "1633", "productId": "130945", "size": "2 lb bag"},
{"thumb": "http://i4.peapod.com/c/KK/KKNHZ.gif", "price": "1398", "unit_price": "$6.99/ lb", "name": "Stop & Shop Shrimp Raw Shell-On Simple Peel Large - 31-40 ct Frozen", "cnid": "1633", "productId": "130948", "size": "2 lb bag"},
{"thumb": "http://i4.peapod.com/c/KK/KKNHZ.gif", "price": "1298", "unit_price": "$6.49/ lb", "name": "Stop & Shop Shrimp Raw Shell-On Simple Peel Medium - 51-60 ct Frozen", "cnid": "1633", "productId": "130951", "size": "2 lb bag"},
{"thumb": "http://i4.peapod.com/c/KK/KKNHZ.gif", "price": "699", "unit_price": "$9.32/ lb", "name": "Stop & Shop Shrimp Ring with Cocktail Sauce Farm-Raised - 51-60 ct Frozen", "cnid": "1633", "productId": "103181", "size": "12 oz pkg"},
{"thumb": "http://i4.peapod.com/c/KK/KKNHZ.gif", "price": "749", "unit_price": "$9.99/ lb", "name": "Swordfish Steak Previously Frozen", "cnid": "1633", "productId": "124942", "size": "apx 3/4 lb"},
{"thumb": "http://i4.peapod.com/c/KK/KKNHZ.gif", "price": "449", "unit_price": "$5.99/ lb", "name": "Tilapia Fillet Boneless Fresh", "cnid": "1633", "productId": "9833", "size": "apx 3/4 lb"},
{"thumb": "http://i4.peapod.com/c/KK/KKNHZ.gif", "price": "349", "unit_price": "$6.98/ lb", "name": "Trans-Ocean Crab Classic Imitation Crab Meat Flake Style", "cnid": "1633", "productId": "162125", "size": "8 oz pkg"},
{"thumb": "http://i4.peapod.com/c/KK/KKNHZ.gif", "price": "399", "unit_price": "$4.53/ lb", "name": "Trans-Ocean Crab Classic Imitation Crab Meat Flake Style Fresh", "cnid": "1633", "productId": "131923", "size": "14 oz pkg"},
{"thumb": "http://i4.peapod.com/c/KK/KKNHZ.gif", "price": "349", "unit_price": "$6.98/ lb", "name": "Trans-Ocean Crab Classic Imitation Crab Meat Leg Style Fresh", "cnid": "1633", "productId": "153588", "size": "8 oz pkg"},
{"thumb": "http://i4.peapod.com/c/KK/KKNHZ.gif", "price": "399", "unit_price": "$4.53/ lb", "name": "Trans-Ocean Crab Classic Imitation Crab Meat Leg Style Fresh", "cnid": "1633", "productId": "131924", "size": "14 oz pkg"},
{"thumb": "http://i4.peapod.com/c/KK/KKNHZ.gif", "price": "699", "unit_price": "$9.32/ lb", "name": "Trident Seafoods Cod Fillets Pubhouse Battered Frozen", "cnid": "1633", "productId": "162259", "size": "12 oz box"},
{"thumb": "http://i4.peapod.com/c/KK/KKNHZ.gif", "price": "699", "unit_price": "$9.32/ lb", "name": "Trident Seafoods Flounder Fillets Breaded Oven Ready Frozen", "cnid": "1633", "productId": "162260", "size": "12 oz box"},
{"thumb": "http://i4.peapod.com/c/KK/KKNHZ.gif", "price": "699", "unit_price": "$9.32/ lb", "name": "Trident Seafoods Tilapia Panko Breaded Frozen", "cnid": "1633", "productId": "162261", "size": "12 oz box"},
{"thumb": "http://i4.peapod.com/c/KK/KKNHZ.gif", "price": "300", "unit_price": "$2.46/ lb", "name": "Van de Kamp's Fish Fillets Crispy - 10 ct Frozen", "cnid": "1633", "productId": "1528", "size": "19.4 oz box"},
{"thumb": "http://i4.peapod.com/c/KK/KKNHZ.gif", "price": "300", "unit_price": "$2.29/ lb", "name": "Van de Kamp's Fish Fillets Crunchy - 12 ct Frozen", "cnid": "1633", "productId": "1532", "size": "21 oz box"},
{"thumb": "http://i4.peapod.com/c/KK/KKNHZ.gif", "price": "250", "unit_price": "$3.68/ lb", "name": "Van de Kamp's Fish Sticks Breaded - 18 ct Frozen", "cnid": "1633", "productId": "1531", "size": "10.9 oz box"},
{"thumb": "http://i4.peapod.com/c/KK/KKNHZ.gif", "price": "250", "unit_price": "$3.62/ lb", "name": "Van de Kamp's Haddock Fillet Battered - 6 ct Frozen", "cnid": "1633", "productId": "90456", "size": "11 oz box"},
{"thumb": "http://i4.peapod.com/c/KK/KKNHZ.gif", "price": "299", "unit_price": "$7.87/ lb", "name": "Yankee Trader Crab Cakes Maryland Style - 2 ct Frozen", "cnid": "1633", "productId": "140382", "size": "6 oz box"},
{"thumb": "http://i4.peapod.com/c/KK/KKNHZ.gif", "price": "1598", "unit_price": "$7.99/ lb", "name": "Boar's Head Ham Black Forest Boneless Fresh", "cnid": "2862", "productId": "161204", "size": "apx 2 lb"},
{"thumb": "http://i4.peapod.com/c/KK/KKNHZ.gif", "price": "449", "unit_price": "$10.20/ lb", "name": "Boar's Head Ham Steak Boneless Smoked Fresh", "cnid": "2862", "productId": "158654", "size": "7 oz pkg"},
{"thumb": "http://i4.peapod.com/c/KK/KKNHZ.gif", "price": "4394", "unit_price": "$7.99/ lb", "name": "Boar's Head Sweet Slice Brand Ham Boneless Smoked Fresh", "cnid": "2862", "productId": "161203", "size": "apx 5-6 lb"},
{"thumb": "http://i4.peapod.com/c/KK/KKNHZ.gif", "price": "699", "unit_price": "$4.66/ lb", "name": "Butcher's Prime Pork Spareribs BBQ Fully Cooked Fresh", "cnid": "2862", "productId": "155854", "size": "24 oz pkg"},
{"thumb": "http://i4.peapod.com/c/KK/KKNHZ.gif", "price": "3817", "unit_price": "$4.49/ lb", "name": "Carando Ham Half Bone-In Honey Cured Spiral Sliced Fresh", "cnid": "2862", "productId": "67826", "size": "apx 7-10 lb"},
{"thumb": "http://i4.peapod.com/c/KK/KKNHZ.gif", "price": "4041", "unit_price": "$4.49/ lb", "name": "Carando Ham Half Hickory Smoked Spiral Sliced Fresh", "cnid": "2862", "productId": "104959", "size": "apx 8-10 lb"},
{"thumb": "http://i4.peapod.com/c/KK/KKNHZ.gif", "price": "349", "unit_price": "$3.49/ lb", "name": "Ground Pork 90% Lean Fresh", "cnid": "2862", "productId": "190434", "size": "16 oz pkg"},
{"thumb": "http://i4.peapod.com/c/KK/KKNHZ.gif", "price": "250", "unit_price": "$5.00/ lb", "name": "Hatfield Ham Steak Honey Fully Cooked 97% Fat Free", "cnid": "2862", "productId": "162997", "size": "8 oz pkg"},
{"thumb": "http://i4.peapod.com/c/KK/KKNHZ.gif", "price": "250", "unit_price": "$5.00/ lb", "name": "Hatfield Ham Steak Maple Fully Cooked 98% Fat Free", "cnid": "2862", "productId": "162998", "size": "8 oz pkg"},
{"thumb": "http://i4.peapod.com/c/KK/KKNHZ.gif", "price": "250", "unit_price": "$5.00/ lb", "name": "Hatfield Ham Steak Traditional Fully Cooked 98% Fat Free", "cnid": "2862", "productId": "157258", "size": "8 oz pkg"},
{"thumb": "http://i4.peapod.com/c/KK/KKNHZ.gif", "price": "799", "unit_price": "$6.95/ lb", "name": "Hormel Always Tender Pork Tenderloin Apple Bourbon Extra Lean Fresh", "cnid": "2862", "productId": "163004", "size": "18.4 oz pkg"},
{"thumb": "http://i4.peapod.com/c/KK/KKNHZ.gif", "price": "799", "unit_price": "$6.95/ lb", "name": "Hormel Always Tender Pork Tenderloin Peppercorn Extra Lean Fresh", "cnid": "2862", "productId": "137302", "size": "18.4 oz pkg"},
{"thumb": "http://i4.peapod.com/c/KK/KKNHZ.gif", "price": "799", "unit_price": "$6.95/ lb", "name": "Hormel Always Tender Pork Tenderloin Teriyaki Extra Lean Fresh", "cnid": "2862", "productId": "137303", "size": "18.4 oz pkg"},
{"thumb": "http://i4.peapod.com/c/KK/KKNHZ.gif", "price": "999", "unit_price": "$3.33/ lb", "name": "Hormel Ham Black Label Canned Refrigerated", "cnid": "2862", "productId": "161038", "size": "3 lb can"},
{"thumb": "http://i4.peapod.com/c/KK/KKNHZ.gif", "price": "599", "unit_price": "$6.37/ lb", "name": "Hormel Simple Ideas Pork Roast Au Jus Slow Simmered Refrigerated", "cnid": "2862", "productId": "117305", "size": "15 oz pkg"},
{"thumb": "http://i4.peapod.com/c/KK/KKNHZ.gif", "price": "1098", "unit_price": "$7.32/ lb", "name": "Jones Dairy Farm Ham Dainty Fresh", "cnid": "2862", "productId": "163211", "size": "apx 1.5 lb"},
{"thumb": "http://i4.peapod.com/c/KK/KKNHZ.gif", "price": "250", "unit_price": "$5.00/ lb", "name": "Jones Dairy Farm Ham Slices Hickory Smoked - 10 ct", "cnid": "2862", "productId": "30223", "size": "8 oz pkg"},
{"thumb": "http://i4.peapod.com/c/KK/KKNHZ.gif", "price": "319", "unit_price": "$7.25/ lb", "name": "Jones Dairy Farm Ham Steak Extra Lean Fresh", "cnid": "2862", "productId": "47786", "size": "7 oz pkg"},
{"thumb": "http://i4.peapod.com/c/KK/KKNHZ.gif", "price": "1299", "unit_price": "$5.20/ lb", "name": "Jones Ham Half Family Hickory Smoked w/Natural Juices Fully Cooked Fresh", "cnid": "2862", "productId": "161039", "size": "40 oz pkg"},
{"thumb": "http://i4.peapod.com/c/KK/KKNHZ.gif", "price": "798", "unit_price": "$3.99/ lb", "name": "Kentucky Legend Ham 1/4 Boneless Double Smoked Sliced Fresh", "cnid": "2862", "productId": "157247", "size": "apx 2 lb"},
{"thumb": "http://i4.peapod.com/c/KK/KKNHZ.gif", "price": "1999", "unit_price": "$9.26/ lb", "name": "Lloyd's Pork Ribs Babyback with Original BBQ Sauce Refrigerated", "cnid": "2862", "productId": "41899", "size": "37.4 oz pkg"},
{"thumb": "http://i4.peapod.com/c/KK/KKNHZ.gif", "price": "1899", "unit_price": "$8.26/ lb", "name": "Lloyd's Pork Ribs Spare St. Louis Style w/Original BBQ Sauce Refrigerated", "cnid": "2862", "productId": "127350", "size": "36.8 oz pkg"},
{"thumb": "http://i4.peapod.com/c/KK/KKNHZ.gif", "price": "449", "unit_price": "$4.49/ lb", "name": "Lloyd's Simple Ideas Pork Seasoned & Shredded in BBQ Sauce Refrigerated", "cnid": "2862", "productId": "126791", "size": "16 oz tub"},
{"thumb": "http://i4.peapod.com/c/KK/KKNHZ.gif", "price": "524", "unit_price": "$6.99/ lb", "name": "Nature's Promise Naturals Pork Chops Loin Boneless Fresh", "cnid": "2862", "productId": "150546", "size": "apx 3/4 lb"},
{"thumb": "http://i4.peapod.com/c/KK/KKNHZ.gif", "price": "1048", "unit_price": "$6.99/ lb", "name": "Nature's Promise Naturals Pork Roast Loin Center Cut Boneless Fresh", "cnid": "2862", "productId": "150545", "size": "apx 1.5 lb"},
{"thumb": "http://i4.peapod.com/c/KK/KKNHZ.gif", "price": "1348", "unit_price": "$8.99/ lb", "name": "Nature's Promise Naturals Pork Tenderloin Antibiotic Free Fresh", "cnid": "2862", "productId": "141375", "size": "apx 1.5 lb"},
{"thumb": "http://i4.peapod.com/c/KK/KKNHZ.gif", "price": "674", "unit_price": "$8.99/ lb", "name": "Nature's Promise Naturals Pork Tenderloin Antibiotic Free Fresh", "cnid": "2862", "productId": "160396", "size": "apx 3/4 lb"},
{"thumb": "http://i4.peapod.com/c/KK/KKNHZ.gif", "price": "529", "unit_price": "$7.05/ lb", "name": "Plumrose Ham Steaks Boneless Fully Cooked - 2 ct Fresh", "cnid": "2862", "productId": "143757", "size": "12 oz pkg"},
{"thumb": "http://i4.peapod.com/c/KK/KKNHZ.gif", "price": "729", "unit_price": "$7.29/ lb", "name": "Plumrose Pork Ribs Baby Back in Smokey BBQ Sauce Fully Cooked Fresh", "cnid": "2862", "productId": "150739", "size": "16 oz pkg"},
{"thumb": "http://i4.peapod.com/c/KK/KKNHZ.gif", "price": "674", "unit_price": "$4.49/ lb", "name": "Pork Back Ribs Country Style Bone-In Fresh", "cnid": "2862", "productId": "163016", "size": "apx 1.5 lb"},
{"thumb": "http://i4.peapod.com/c/KK/KKNHZ.gif", "price": "499", "unit_price": "$4.99/ lb", "name": "Pork Back Ribs Country Style Boneless Fresh", "cnid": "2862", "productId": "57951", "size": "apx 1 lb"},
{"thumb": "http://i4.peapod.com/c/KK/KKNHZ.gif", "price": "1996", "unit_price": "$4.99/ lb", "name": "Pork Back Ribs Country Style Boneless Value Pack Fresh", "cnid": "2862", "productId": "9788", "size": "apx 3-5 lb"},
{"thumb": "http://i4.peapod.com/c/KK/KKNHZ.gif", "price": "499", "unit_price": "$4.99/ lb", "name": "Pork Chops Center Cut Bone-In - 2 ct Fresh", "cnid": "2862", "productId": "163013", "size": "apx 1 lb"},
{"thumb": "http://i4.peapod.com/c/KK/KKNHZ.gif", "price": "898", "unit_price": "$5.99/ lb", "name": "Pork Chops Center Cut Boneless - 4 ct Fresh", "cnid": "2862", "productId": "33670", "size": "apx 1.5 lb"},
{"thumb": "http://i4.peapod.com/c/KK/KKNHZ.gif", "price": "1497", "unit_price": "$4.99/ lb", "name": "Pork Chops Center Cut Boneless - 6-8 ct Fresh", "cnid": "2862", "productId": "61400", "size": "apx 3 lb"},
{"thumb": "http://i4.peapod.com/c/KK/KKNHZ.gif", "price": "1198", "unit_price": "$5.99/ lb", "name": "Pork Chops Center Cut Boneless Double Thick - 3 ct Fresh", "cnid": "2862", "productId": "58025", "size": "apx 2 lb"},
{"thumb": "http://i4.peapod.com/c/KK/KKNHZ.gif", "price": "898", "unit_price": "$5.99/ lb", "name": "Pork Chops Center Cut Boneless with Asian BBQ Rub Fresh", "cnid": "2862", "productId": "141213", "size": "apx 1.5 lb"},
{"thumb": "http://i4.peapod.com/c/KK/KKNHZ.gif", "price": "549", "unit_price": "$5.49/ lb", "name": "Pork Chops Center Cut Garlic Seasoned - 2 ct Fresh", "cnid": "2862", "productId": "58022", "size": "apx 1 lb"},
{"thumb": "http://i4.peapod.com/c/KK/KKNHZ.gif", "price": "549", "unit_price": "$5.49/ lb", "name": "Pork Chops Center Cut Thin Bone-In - 3 ct Fresh", "cnid": "2862", "productId": "163014", "size": "apx 1 lb"},
{"thumb": "http://i4.peapod.com/c/KK/KKNHZ.gif", "price": "1572", "unit_price": "$4.49/ lb", "name": "Pork Chops Loin Assorted - 6 ct Fresh", "cnid": "2862", "productId": "57947", "size": "apx 3-4 lb"},
{"thumb": "http://i4.peapod.com/c/KK/KKNHZ.gif", "price": "2020", "unit_price": "$4.49/ lb", "name": "Pork Chops Loin Assorted Value Pack - 9 ct Fresh", "cnid": "2862", "productId": "57950", "size": "apx 4-5 lb"},
{"thumb": "http://i4.peapod.com/c/KK/KKNHZ.gif", "price": "1373", "unit_price": "$5.49/ lb", "name": "Pork Chops Loin Center Cut Bone-In Thin - apx 10 ct Fresh", "cnid": "2862", "productId": "33658", "size": "apx 2-3 lb"},
{"thumb": "http://i4.peapod.com/c/KK/KKNHZ.gif", "price": "1222", "unit_price": "$3.49/ lb", "name": "Pork Chops Loin Center Cut Bone-In Value Pack - 6-8 ct Fresh", "cnid": "2862", "productId": "33661", "size": "apx 3-4 lb"},
{"thumb": "http://i4.peapod.com/c/KK/KKNHZ.gif", "price": "649", "unit_price": "$6.49/ lb", "name": "Pork Chops Loin Center Cut Boneless Thin - 4 ct Fresh", "cnid": "2862", "productId": "39378", "size": "apx 1 lb"},
{"thumb": "http://i4.peapod.com/c/KK/KKNHZ.gif", "price": "961", "unit_price": "$5.49/ lb", "name": "Pork Chops Loin Center Cut Boneless Thin Value Pack - 10 ct Fresh", "cnid": "2862", "productId": "9780", "size": "apx 1.7 lb"},
{"thumb": "http://i4.peapod.com/c/KK/KKNHZ.gif", "price": "429", "unit_price": "$4.29/ lb", "name": "Pork Cutlets Sirloin Boneless - 3 ct Fresh", "cnid": "2862", "productId": "163015", "size": "apx 1 lb"},
{"thumb": "http://i4.peapod.com/c/KK/KKNHZ.gif", "price": "1073", "unit_price": "$4.29/ lb", "name": "Pork Cutlets Sirloin Boneless Value Pack Fresh", "cnid": "2862", "productId": "62049", "size": "apx 2.5 lb"},
{"thumb": "http://i4.peapod.com/c/KK/KKNHZ.gif", "price": "2596", "unit_price": "$6.49/ lb", "name": "Pork Ribs Baby Back Fresh", "cnid": "2862", "productId": "190250", "size": "apx 3-5 lb"},
{"thumb": "http://i4.peapod.com/c/KK/KKNHZ.gif", "price": "1796", "unit_price": "$4.49/ lb", "name": "Pork Ribs Country Style Bone-In Value Pack Fresh", "cnid": "2862", "productId": "43612", "size": "apx 3-5 lb"},
{"thumb": "http://i4.peapod.com/c/KK/KKNHZ.gif", "price": "2020", "unit_price": "$4.49/ lb", "name": "Pork Ribs Spare Family Pack Fresh", "cnid": "2862", "productId": "58790", "size": "apx 4.5 lb"},
{"thumb": "http://i4.peapod.com/c/KK/KKNHZ.gif", "price": "5352", "unit_price": "$6.69/ lb", "name": "Pork Roast Crown Fresh", "cnid": "2862", "productId": "45603", "size": "apx 7-9 lb"},
{"thumb": "http://i4.peapod.com/c/KK/KKNHZ.gif", "price": "1498", "unit_price": "$5.99/ lb", "name": "Pork Roast Loin Center Cut Boneless Fresh", "cnid": "2862", "productId": "9793", "size": "apx 2.5 lb"},
{"thumb": "http://i4.peapod.com/c/KK/KKNHZ.gif", "price": "2396", "unit_price": "$5.99/ lb", "name": "Pork Roast Loin Center Cut Boneless Fresh", "cnid": "2862", "productId": "127288", "size": "apx 4 lb"},
{"thumb": "http://i4.peapod.com/c/KK/KKNHZ.gif", "price": "2792", "unit_price": "$3.49/ lb", "name": "Pork Roast Loin Center Cut Boneless Whole Fresh", "cnid": "2862", "productId": "47591", "size": "apx 7-9 lb"},
{"thumb": "http://i4.peapod.com/c/KK/KKNHZ.gif", "price": "800", "unit_price": "$1.00/ lb", "name": "Pork Roast Picnic Shoulder Fresh", "cnid": "2862", "productId": "9796", "size": "apx 7-9 lb"},
{"thumb": "http://i4.peapod.com/c/KK/KKNHZ.gif", "price": "798", "unit_price": "$3.99/ lb", "name": "Pork Roast Rib End Garlic Seasoned Fresh", "cnid": "2862", "productId": "79426", "size": "apx 2 lb"},
{"thumb": "http://i4.peapod.com/c/KK/KKNHZ.gif", "price": "650", "unit_price": "$3.25/ lb", "name": "Pork Roast Tenderloin Whole Fresh", "cnid": "2862", "productId": "20879", "size": "apx 2 lb"},
{"thumb": "http://i4.peapod.com/c/KK/KKNHZ.gif", "price": "499", "unit_price": "$4.99/ lb", "name": "Pork Spareribs Country Style Boneless with Asian BBQ Rub Fresh", "cnid": "2862", "productId": "141214", "size": "apx 1 lb"},
{"thumb": "http://i4.peapod.com/c/KK/KKNHZ.gif", "price": "599", "unit_price": "$3.99/ lb", "name": "Smithfield Salt Pork Brisket Fresh", "cnid": "2862", "productId": "163214", "size": "apx 1.5 lb"},
{"thumb": "http://i4.peapod.com/c/KK/KKNHZ.gif", "price": "259", "unit_price": "$2.59/ lb", "name": "Smithfield Salt Pork Fat Back", "cnid": "2862", "productId": "163215", "size": "apx 1 lb"},
{"thumb": "http://i4.peapod.com/c/KK/KKNHZ.gif", "price": "2094", "unit_price": "$3.49/ lb", "name": "Stop & Shop Ham Butt Portion Fresh", "cnid": "2862", "productId": "113519", "size": "apx 5-7 lb"},
{"thumb": "http://i4.peapod.com/c/KK/KKNHZ.gif", "price": "1194", "unit_price": "$1.99/ lb", "name": "Stop & Shop Ham Butt Portion Smoked Bone-In", "cnid": "2862", "productId": "191679", "size": "apx 5-7 lb"},
{"thumb": "http://i4.peapod.com/c/KK/KKNHZ.gif", "price": "1974", "unit_price": "$3.29/ lb", "name": "Stop & Shop Ham Shank Portion Fresh", "cnid": "2862", "productId": "70188", "size": "apx 5-7 lb"},
{"thumb": "http://i4.peapod.com/c/KK/KKNHZ.gif", "price": "1134", "unit_price": "$1.89/ lb", "name": "Stop & Shop Ham Shank Portion Smoked Bone-In", "cnid": "2862", "productId": "191680", "size": "apx 5-7 lb"},
{"thumb": "http://i4.peapod.com/c/KK/KKNHZ.gif", "price": "1399", "unit_price": "$9.33/ lb", "name": "Tony Roma's Famous Ribs Pork Loin Back with BBQ Sauce Heat & Serve Fresh", "cnid": "2862", "productId": "145700", "size": "24 oz pkg"},
{"thumb": "http://i4.peapod.com/c/KK/KKNHZ.gif", "price": "549", "unit_price": "$5.18/ lb", "name": "Tyson Ham Glazed Maple & Brown Sugar Extra Lean Fully Cooked Refrigerated", "cnid": "2862", "productId": "129308", "size": "17 oz pkg"},
{"thumb": "http://i4.peapod.com/c/KK/KKNHZ.gif", "price": "479", "unit_price": "$7.60/ lb", "name": "Boca Meatless Soy Burgers Flame Grilled All American - 4 ct Frozen", "cnid": "2861", "productId": "127500", "size": "10 oz box"},
{"thumb": "http://i4.peapod.com/c/KK/KKNHZ.gif", "price": "479", "unit_price": "$7.60/ lb", "name": "Boca Meatless Soy Burgers Grilled Vegetable - 4 ct Frozen", "cnid": "2861", "productId": "127499", "size": "10 oz box"},
{"thumb": "http://i4.peapod.com/c/KK/KKNHZ.gif", "price": "479", "unit_price": "$7.60/ lb", "name": "Boca Meatless Soy Burgers Original Vegan - 4 ct Frozen", "cnid": "2861", "productId": "109099", "size": "10 oz box"},
{"thumb": "http://i4.peapod.com/c/KK/KKNHZ.gif", "price": "479", "unit_price": "$7.60/ lb", "name": "Boca Meatless Veggie Patties Bruschetta Tomato Basil Parmesan-4 ct Frozen", "cnid": "2861", "productId": "153147", "size": "10 oz box"},
{"thumb": "http://i4.peapod.com/c/KK/KKNHZ.gif", "price": "399", "unit_price": "$5.32/ lb", "name": "Freida's Soyrizo Meatless Soy Chorizo", "cnid": "2861", "productId": "159476", "size": "12 oz pkg"},
{"thumb": "http://i4.peapod.com/c/KK/KKNHZ.gif", "price": "469", "unit_price": "$7.44/ lb", "name": "Gardenburger Veggie Burgers Black Bean Chipotle Vegan - 4 ct Frozen", "cnid": "2861", "productId": "148981", "size": "10 oz box"},
{"thumb": "http://i4.peapod.com/c/KK/KKNHZ.gif", "price": "469", "unit_price": "$7.44/ lb", "name": "Gardenburger Veggie Burgers The Original - 4 ct Frozen", "cnid": "2861", "productId": "86017", "size": "10 oz box"},
{"thumb": "http://i4.peapod.com/c/KK/KKNHZ.gif", "price": "469", "unit_price": "$7.44/ lb", "name": "Gardenburger Veggie Burgers Veggie Medley - 4 ct Frozen", "cnid": "2861", "productId": "80180", "size": "10 oz box"},
{"thumb": "http://i4.peapod.com/c/KK/KKNHZ.gif", "price": "399", "unit_price": "$4.53/ lb", "name": "Lightlife Gimme Lean Ground Beef Style Meat Free Veggie Protein Chub", "cnid": "2861", "productId": "159445", "size": "14 oz pkg"},
{"thumb": "http://i4.peapod.com/c/KK/KKNHZ.gif", "price": "399", "unit_price": "$4.53/ lb", "name": "Lightlife Gimme Lean Ground Sausage Style Veggie Protein", "cnid": "2861", "productId": "152994", "size": "14 oz pkg"},
{"thumb": "http://i4.peapod.com/c/KK/KKNHZ.gif", "price": "449", "unit_price": "$14.48/ lb", "name": "Lightlife Smart Bacon Veggie Protein Strips Bacon Style", "cnid": "2861", "productId": "125009", "size": "5 oz box"},
{"thumb": "http://i4.peapod.com/c/KK/KKNHZ.gif", "price": "399", "unit_price": "$11.73/ lb", "name": "Lightlife Smart Deli Bologna Style Meatless Veggie Protein Slices", "cnid": "2861", "productId": "142949", "size": "5.5 oz box"},
{"thumb": "http://i4.peapod.com/c/KK/KKNHZ.gif", "price": "399", "unit_price": "$11.73/ lb", "name": "Lightlife Smart Deli Roast Turkey Style Veggie Protein Slices", "cnid": "2861", "productId": "142948", "size": "5.5 oz box"},
{"thumb": "http://i4.peapod.com/c/KK/KKNHZ.gif", "price": "399", "unit_price": "$11.73/ lb", "name": "Lightlife Smart Deli Veggie Protein Slices Baked Ham Style", "cnid": "2861", "productId": "152995", "size": "5.5 oz box"},
{"thumb": "http://i4.peapod.com/c/KK/KKNHZ.gif", "price": "449", "unit_price": "$4.49/ ea", "name": "Lightlife Smart Dogs Veggie Protein Links Zero Fat - 8 ct", "cnid": "2861", "productId": "124332", "size": "12 oz pkg"},
{"thumb": "http://i4.peapod.com/c/KK/KKNHZ.gif", "price": "449", "unit_price": "$5.99/ lb", "name": "Lightlife Smart Ground Veggie Protein Crumbles Original Zero Fat", "cnid": "2861", "productId": "128284", "size": "12 oz box"},
{"thumb": "http://i4.peapod.com/c/KK/KKNHZ.gif", "price": "549", "unit_price": "$7.32/ lb", "name": "Lightlife Smart Sausages Veggie Protein Italian Style - 4 ct", "cnid": "2861", "productId": "159446", "size": "12 oz pkg"},
{"thumb": "http://i4.peapod.com/c/KK/KKNHZ.gif", "price": "449", "unit_price": "$11.82/ lb", "name": "Lightlife Smart Strips Chick 'n Style Seasoned Veggie Strips Meat Free", "cnid": "2861", "productId": "152996", "size": "6 oz box"},
{"thumb": "http://i4.peapod.com/c/KK/KKNHZ.gif", "price": "549", "unit_price": "$14.45/ lb", "name": "Lightlife Smart Wings Buffalo Veggie Protein Wings - 8 ct", "cnid": "2861", "productId": "163922", "size": "6 oz pkg"},
{"thumb": "http://i4.peapod.com/c/KK/KKNHZ.gif", "price": "449", "unit_price": "$4.49/ ea", "name": "Lightlife Tofu Pups Original 100% Vegetarian - 8 ct", "cnid": "2861", "productId": "124302", "size": "12 oz pkg"},
{"thumb": "http://i4.peapod.com/c/KK/KKNHZ.gif", "price": "300", "unit_price": "$6.00/ lb", "name": "MorningStar Farms Breakfast Veggie Patties Sausage - 6 ct", "cnid": "2861", "productId": "2738", "size": "8 oz box"},
{"thumb": "http://i4.peapod.com/c/KK/KKNHZ.gif", "price": "300", "unit_price": "$6.00/ lb", "name": "MorningStar Farms Breakfast Veggie Patties Sausage Maple Flavored - 6 ct", "cnid": "2861", "productId": "155381", "size": "8 oz box"},
{"thumb": "http://i4.peapod.com/c/KK/KKNHZ.gif", "price": "300", "unit_price": "$4.55/ lb", "name": "MorningStar Farms Buffalo Wings Meatless - 15 ct Frozen", "cnid": "2861", "productId": "119991", "size": "10.5 oz box"},
{"thumb": "http://i4.peapod.com/c/KK/KKNHZ.gif", "price": "300", "unit_price": "$4.55/ lb", "name": "MorningStar Farms Chik'n Nuggets Meatless - 12 ct Frozen", "cnid": "2861", "productId": "82632", "size": "10.5 oz box"},
{"thumb": "http://i4.peapod.com/c/KK/KKNHZ.gif", "price": "300", "unit_price": "$4.76/ lb", "name": "MorningStar Farms Chik Patties Original - 4 ct Frozen", "cnid": "2861", "productId": "21269", "size": "10 oz box"},
{"thumb": "http://i4.peapod.com/c/KK/KKNHZ.gif", "price": "300", "unit_price": "$5.09/ lb", "name": "MorningStar Farms Grillers Chik'n Veggie Burgers - 4 ct Frozen", "cnid": "2861", "productId": "155588", "size": "9.5 oz box"},
{"thumb": "http://i4.peapod.com/c/KK/KKNHZ.gif", "price": "300", "unit_price": "$4.00/ lb", "name": "MorningStar Farms Grillers Meal Starters Veggie Crumbles Recipe Frozen", "cnid": "2861", "productId": "93583", "size": "12 oz bag"},
{"thumb": "http://i4.peapod.com/c/KK/KKNHZ.gif", "price": "300", "unit_price": "$4.76/ lb", "name": "MorningStar Farms Grillers Prime Veggie Burgers - 4 ct Frozen", "cnid": "2861", "productId": "132348", "size": "10 oz box"},
{"thumb": "http://i4.peapod.com/c/KK/KKNHZ.gif", "price": "300", "unit_price": "$5.36/ lb", "name": "MorningStar Farms Grillers Veggie Burgers Original - 4 ct Frozen", "cnid": "2861", "productId": "2741", "size": "9 oz box"},
{"thumb": "http://i4.peapod.com/c/KK/KKNHZ.gif", "price": "300", "unit_price": "$9.09/ lb", "name": "MorningStar Farms Meatless Veggie Breakfast Bacon Strips - apx 18 ct", "cnid": "2861", "productId": "2739", "size": "5.25 oz box"},
{"thumb": "http://i4.peapod.com/c/KK/KKNHZ.gif", "price": "300", "unit_price": "$6.00/ lb", "name": "MorningStar Farms Meatless Veggie Breakfast Links - 10 ct", "cnid": "2861", "productId": "2737", "size": "8 oz box"},
{"thumb": "http://i4.peapod.com/c/KK/KKNHZ.gif", "price": "300", "unit_price": "$5.36/ lb", "name": "MorningStar Farms Veggie Burgers Mushroom Lover's - 4 ct Frozen", "cnid": "2861", "productId": "150234", "size": "9 oz box"},
{"thumb": "http://i4.peapod.com/c/KK/KKNHZ.gif", "price": "300", "unit_price": "$.32/ lb", "name": "MorningStar Farms Veggie Burgers Spicy Black Bean - 4 ct Frozen", "cnid": "2861", "productId": "48273", "size": "9.5 oz box"},
{"thumb": "http://i4.peapod.com/c/KK/KKNHZ.gif", "price": "300", "unit_price": "$5.09/ lb", "name": "MorningStar Farms Veggie Burgers Tomato & Basil Pizza - 4 ct Frozen", "cnid": "2861", "productId": "156317", "size": "9.5 oz box"},
{"thumb": "http://i4.peapod.com/c/KK/KKNHZ.gif", "price": "300", "unit_price": "$4.76/ lb", "name": "MorningStar Farms Veggie Corn Dogs - 4 ct Frozen", "cnid": "2861", "productId": "97527", "size": "10 oz box"},
{"thumb": "http://i4.peapod.com/c/KK/KKNHZ.gif", "price": "300", "unit_price": "$5.09/ lb", "name": "MorningStar Farms Veggie Patties Garden - 4 ct Frozen", "cnid": "2861", "productId": "23270", "size": "9.5 oz box"},
{"thumb": "http://i4.peapod.com/c/KK/KKNHZ.gif", "price": "250", "unit_price": "$.18/ oz", "name": "Nasoya Tofu Firm Lite Organic", "cnid": "2861", "productId": "125013", "size": "14 oz pkg"},
{"thumb": "http://i4.peapod.com/c/KK/KKNHZ.gif", "price": "250", "unit_price": "$.18/ oz", "name": "Nasoya Tofu Super Firm Cubed Organic", "cnid": "2861", "productId": "159566", "size": "14 oz pkg"},
{"thumb": "http://i4.peapod.com/c/KK/KKNHZ.gif", "price": "399", "unit_price": "$6.33/ lb", "name": "Nature's Promise Naturals Soy Vegetable Burgers Char-Grilled - 4 ct Frozen", "cnid": "2861", "productId": "150263", "size": "10 oz box"},
{"thumb": "http://i4.peapod.com/c/KK/KKNHZ.gif", "price": "399", "unit_price": "$6.33/ lb", "name": "Nature's Promise Naturals Soy Vegetable Burgers Classic - 4 ct Frozen", "cnid": "2861", "productId": "137806", "size": "10 oz box"},
{"thumb": "http://i4.peapod.com/c/KK/KKNHZ.gif", "price": "399", "unit_price": "$6.33/ lb", "name": "Nature's Promise Naturals Vegan Soy Vegetable Burgers - 4 ct Frozen", "cnid": "2861", "productId": "137808", "size": "10 oz box"},
{"thumb": "http://i4.peapod.com/c/KK/KKNHZ.gif", "price": "250", "unit_price": "$.18/ oz", "name": "Nature's Promise Organics Tofu Extra Firm", "cnid": "2861", "productId": "142340", "size": "14 oz pkg"},
{"thumb": "http://i4.peapod.com/c/KK/KKNHZ.gif", "price": "250", "unit_price": "$.18/ oz", "name": "Nature's Promise Organics Tofu Firm", "cnid": "2861", "productId": "142341", "size": "14 oz pkg"},
{"thumb": "http://i4.peapod.com/c/KK/KKNHZ.gif", "price": "529", "unit_price": "$8.02/ lb", "name": "Quorn Chik'n Nuggets Meatless & Soy Free Frozen", "cnid": "2861", "productId": "140313", "size": "10.6 oz box"},
{"thumb": "http://i4.peapod.com/c/KK/KKNHZ.gif", "price": "529", "unit_price": "$8.02/ ft", "name": "Quorn Chik'n Patties Meatless & Soy Free - 4 ct Frozen", "cnid": "2861", "productId": "132349", "size": "10.6 oz box"},
{"thumb": "http://i4.peapod.com/c/KK/KKNHZ.gif", "price": "539", "unit_price": "$8.17/ lb", "name": "Quorn Meatballs Meatless & Soy Free Frozen", "cnid": "2861", "productId": "158137", "size": "10.6 oz bag"},
{"thumb": "http://i4.peapod.com/c/KK/KKNHZ.gif", "price": "529", "unit_price": "$8.67/ lb", "name": "Quorn Naked Chik'n Cutlets Meatless & Soy Free Frozen", "cnid": "2861", "productId": "143692", "size": "9.7 oz box"},
{"thumb": "http://i4.peapod.com/c/KK/KKNHZ.gif", "price": "349", "unit_price": "$10.27/ lb", "name": "Tofurky Deli Slices Hickory Smoked", "cnid": "2861", "productId": "152997", "size": "5.5 oz pkg"},
{"thumb": "http://i4.peapod.com/c/KK/KKNHZ.gif", "price": "349", "unit_price": "$10.27/ lb", "name": "Tofurky Deli Slices Oven Roasted", "cnid": "2861", "productId": "159477", "size": "5.5 oz pkg"},
{"thumb": "http://i4.peapod.com/c/KK/KKNHZ.gif", "price": "250", "unit_price": "$.16/ oz", "name": "Tofu Silken Lite Organic", "cnid": "2861", "productId": "130820", "size": "16 oz pkg"},
{"thumb": "http://i4.peapod.com/c/KK/KKNHZ.gif", "price": "250", "unit_price": "$.17/ oz", "name": "Tofu Soft Organic", "cnid": "2861", "productId": "130821", "size": "15 oz pkg"},
{"thumb": "http://i4.peapod.com/c/KK/KKNHZ.gif", "price": "399", "unit_price": "$.44/ oz", "name": "Veggie Patch Broccoli Bites with Cheddar Cheese", "cnid": "2861", "productId": "159478", "size": "9 oz pkg"},
{"thumb": "http://i4.peapod.com/c/KK/KKNHZ.gif", "price": "399", "unit_price": "$7.12/ lb", "name": "Veggie Patch Chick'n Nuggets All Natural", "cnid": "2861", "productId": "130564", "size": "9 oz pkg"},
{"thumb": "http://i4.peapod.com/c/KK/KKNHZ.gif", "price": "399", "unit_price": "$6.33/ lb", "name": "Veggie Patch Chik'n Cutlets All Natural", "cnid": "2861", "productId": "124148", "size": "10 oz pkg"},
{"thumb": "http://i4.peapod.com/c/KK/KKNHZ.gif", "price": "399", "unit_price": "$.44/ oz", "name": "Veggie Patch Falafel Chickpea Balls", "cnid": "2861", "productId": "159479", "size": "9 oz pkg"},
{"thumb": "http://i4.peapod.com/c/KK/KKNHZ.gif", "price": "399", "unit_price": "$7.12/ oz", "name": "Veggie Patch Meatballs Meatless All Natural", "cnid": "2861", "productId": "130560", "size": "9 oz pkg"},
{"thumb": "http://i4.peapod.com/c/KK/KKNHZ.gif", "price": "399", "unit_price": "$.44/ oz", "name": "Veggie Patch Nuggets Spinach", "cnid": "2861", "productId": "124333", "size": "9 oz pkg"},
{"thumb": "http://i4.peapod.com/c/KK/KKNHZ.gif", "price": "399", "unit_price": "$.44/ oz", "name": "Veggie Patch Spinach Bites with Three Cheese", "cnid": "2861", "productId": "159480", "size": "9 oz pkg"},
{"thumb": "http://i4.peapod.com/c/KK/KKNHZ.gif", "price": "359", "unit_price": "$.65/ oz", "name": "Yves Veggie Cuisine Deli Bologna Meatless Slices", "cnid": "2861", "productId": "134733", "size": "5.5 oz pkg"},
{"thumb": "http://i4.peapod.com/c/KK/KKNHZ.gif", "price": "399", "unit_price": "$1.00/ oz", "name": "Yves Veggie Cuisine The Good Deli Veggie Pizza Pepperoni Meatless", "cnid": "2861", "productId": "163925", "size": "4 oz pkg"},
{"thumb": "http://i4.peapod.com/c/KK/KKNHZ.gif", "price": "499", "unit_price": "$4.99/ lb", "name": "Ground Lamb All Natural Fresh", "cnid": "2860", "productId": "149319", "size": "apx 1 lb"},
{"thumb": "http://i4.peapod.com/c/KK/KKNHZ.gif", "price": "799", "unit_price": "$7.99/ lb", "name": "Ground Lamb Fresh", "cnid": "2860", "productId": "163012", "size": "apx 1 lb"},
{"thumb": "http://i4.peapod.com/c/KK/KKNHZ.gif", "price": "899", "unit_price": "$8.99/ lb", "name": "Lamb Chops Loin Australian All Natural - 3 ct Fresh", "cnid": "2860", "productId": "9770", "size": "apx 1 lb"},
{"thumb": "http://i4.peapod.com/c/KK/KKNHZ.gif", "price": "974", "unit_price": "$12.99/ lb", "name": "Lamb Chops Rib Australian All Natural - 5 ct Fresh", "cnid": "2860", "productId": "9771", "size": "apx 3/4 lb"},
{"thumb": "http://i4.peapod.com/c/KK/KKNHZ.gif", "price": "344", "unit_price": "$4.59/ lb", "name": "Lamb Chops Shoulder Arm Australian All Natural - 2 ct Fresh", "cnid": "2860", "productId": "141377", "size": "apx 3/4 lb"},
{"thumb": "http://i4.peapod.com/c/KK/KKNHZ.gif", "price": "505", "unit_price": "$4.59/ lb", "name": "Lamb Chops Shoulder Blade Australian All Natural - 2 ct Fresh", "cnid": "2860", "productId": "9773", "size": "apx 1.1 lb"},
{"thumb": "http://i4.peapod.com/c/KK/KKNHZ.gif", "price": "2797", "unit_price": "$7.99/ lb", "name": "Lamb Leg of Half Semi-Boneless Sirloin Fresh", "cnid": "2860", "productId": "11128", "size": "apx 3-4 lb"},
{"thumb": "http://i4.peapod.com/c/KK/KKNHZ.gif", "price": "1748", "unit_price": "$6.99/ lb", "name": "Lamb Leg of Half Shank American All Natural Fresh", "cnid": "2860", "productId": "33613", "size": "apx 2.5 lb"},
{"thumb": "http://i4.peapod.com/c/KK/KKNHZ.gif", "price": "4194", "unit_price": "$6.99/ lb", "name": "Lamb Leg of Semi-Boneless Australian All Natural Fresh", "cnid": "2860", "productId": "121507", "size": "apx 5-7 lb"},
{"thumb": "http://i4.peapod.com/c/KK/KKNHZ.gif", "price": "2198", "unit_price": "$10.99/ lb", "name": "Lamb Rack Australian All Natural Fresh", "cnid": "2860", "productId": "115895", "size": "apx 2 lb"},
{"thumb": "http://i4.peapod.com/c/KK/KKNHZ.gif", "price": "798", "unit_price": "$3.99/ lb", "name": "Lamb Stew Meat Bone-In Australian All Natural Fresh", "cnid": "2860", "productId": "149320", "size": "apx 2 lb"},
{"thumb": "http://i4.peapod.com/c/KK/KKNHZ.gif", "price": "649", "unit_price": "$32.45/ lb", "name": "Jack Link's Premium Cuts Beef Jerky Original", "cnid": "2859", "productId": "157396", "size": "3.25 oz bag"},
{"thumb": "http://i4.peapod.com/c/KK/KKNHZ.gif", "price": "599", "unit_price": "$29.95/ lb", "name": "Jack Link's Premium Cuts Beef Jerky Teriyaki", "cnid": "2859", "productId": "157397", "size": "3.25 oz bag"},
{"thumb": "http://i4.peapod.com/c/KK/KKNHZ.gif", "price": "549", "unit_price": "$7.32/ lb", "name": "Aidells Andouille Pork Sausage Smoked Cajun - 4 ct", "cnid": "2858", "productId": "104141", "size": "12 oz pkg"},
{"thumb": "http://i4.peapod.com/c/KK/KKNHZ.gif", "price": "549", "unit_price": "$7.32/ lb", "name": "Aidells Chicken & Turkey Sausage Portobello Mushroom Smoked - 4 ct", "cnid": "2858", "productId": "104137", "size": "12 oz pkg"},
{"thumb": "http://i4.peapod.com/c/KK/KKNHZ.gif", "price": "549", "unit_price": "$7.32/ lb", "name": "Aidells Chicken Sausage Smoked with Apple - 4 ct", "cnid": "2858", "productId": "104133", "size": "12 oz pkg"},
{"thumb": "http://i4.peapod.com/c/KK/KKNHZ.gif", "price": "549", "unit_price": "$7.32/ lb", "name": "Aidells Chicken Sausage Spicy Mango with Jalapeno - 4 ct", "cnid": "2858", "productId": "162990", "size": "12 oz pkg"},
{"thumb": "http://i4.peapod.com/c/KK/KKNHZ.gif", "price": "549", "unit_price": "$7.32/ lb", "name": "Al Fresco Chicken Sausage Roasted Garlic with Onion All Natural - 4 ct", "cnid": "2858", "productId": "133481", "size": "12 oz pkg"},
{"thumb": "http://i4.peapod.com/c/KK/KKNHZ.gif", "price": "549", "unit_price": "$7.32/ lb", "name": "Al Fresco Chicken Sausage Spicy Jalapeno All Natural - 4 ct", "cnid": "2858", "productId": "162991", "size": "12 oz pkg"},
{"thumb": "http://i4.peapod.com/c/KK/KKNHZ.gif", "price": "549", "unit_price": "$7.32/ lb", "name": "Al Fresco Chicken Sausage Sun Dried Tomato & Basil All Natural - 4 ct", "cnid": "2858", "productId": "133483", "size": "12 oz pkg"},
{"thumb": "http://i4.peapod.com/c/KK/KKNHZ.gif", "price": "549", "unit_price": "$7.32/ lb", "name": "Al Fresco Chicken Sausage Sweet Apple with Maple Syrup All Natural - 4 ct", "cnid": "2858", "productId": "144549", "size": "12 oz pkg"},
{"thumb": "http://i4.peapod.com/c/KK/KKNHZ.gif", "price": "549", "unit_price": "$7.32/ lb", "name": "Al Fresco Chicken Sausage Sweet Italian Style All Natural - 4 ct", "cnid": "2858", "productId": "133482", "size": "12 oz pkg"},
{"thumb": "http://i4.peapod.com/c/KK/KKNHZ.gif", "price": "439", "unit_price": "$4.39/ lb", "name": "Amaral's Chourico (Spicy Portuguese Sausage)", "cnid": "2858", "productId": "163195", "size": "16 oz pkg"},
{"thumb": "http://i4.peapod.com/c/KK/KKNHZ.gif", "price": "439", "unit_price": "$4.39/ lb", "name": "Amaral's Linguica (Mild Portuguese Sausage)", "cnid": "2858", "productId": "186484", "size": "apx 1 lb"},
{"thumb": "http://i4.peapod.com/c/KK/KKNHZ.gif", "price": "499", "unit_price": "$6.65/ lb", "name": "Applegate Turkey Hot Dogs Uncured - 8 ct", "cnid": "2858", "productId": "128577", "size": "12 oz pkg"},
{"thumb": "http://i4.peapod.com/c/KK/KKNHZ.gif", "price": "549", "unit_price": "$5.49/ lb", "name": "Ball Park Angus Beef Franks Bun Size - 8 ct", "cnid": "2858", "productId": "154562", "size": "16 oz pkg"},
{"thumb": "http://i4.peapod.com/c/KK/KKNHZ.gif", "price": "549", "unit_price": "$5.49/ lb", "name": "Ball Park Angus Beef Franks Original - 8 ct", "cnid": "2858", "productId": "153742", "size": "16 oz pkg"},
{"thumb": "http://i4.peapod.com/c/KK/KKNHZ.gif", "price": "499", "unit_price": "$4.99/ lb", "name": "Ball Park Beef Franks - 8 ct", "cnid": "2858", "productId": "21864", "size": "16 oz pkg"},
{"thumb": "http://i4.peapod.com/c/KK/KKNHZ.gif", "price": "499", "unit_price": "$4.99/ lb", "name": "Ball Park Beef Franks Bun Size - 8 ct", "cnid": "2858", "productId": "74915", "size": "16 oz pkg"},
{"thumb": "http://i4.peapod.com/c/KK/KKNHZ.gif", "price": "250", "unit_price": "$2.50/ lb", "name": "Ball Park Franks - 8 ct", "cnid": "2858", "productId": "21863", "size": "16 oz pkg"},
{"thumb": "http://i4.peapod.com/c/KK/KKNHZ.gif", "price": "250", "unit_price": "$2.50/ lb", "name": "Ball Park Franks Bun Size - 8 ct", "cnid": "2858", "productId": "7752", "size": "16 oz pkg"},
{"thumb": "http://i4.peapod.com/c/KK/KKNHZ.gif", "price": "499", "unit_price": "$5.67/ lb", "name": "Ball Park White Turkey Franks Smoked Bun Size Fat Free - 8 ct", "cnid": "2858", "productId": "80723", "size": "14 oz pkg"},
{"thumb": "http://i4.peapod.com/c/KK/KKNHZ.gif", "price": "100", "unit_price": "$2.50/ lb", "name": "Banquet Brown 'N Serve Beef Sausage Links - 10 ct Frozen", "cnid": "2858", "productId": "6462", "size": "6.4 oz box"},
{"thumb": "http://i4.peapod.com/c/KK/KKNHZ.gif", "price": "100", "unit_price": "$2.50/ lb", "name": "Banquet Brown 'N Serve Sausage Links Maple - 10 ct Frozen", "cnid": "2858", "productId": "143022", "size": "6.4 oz box"},
{"thumb": "http://i4.peapod.com/c/KK/KKNHZ.gif", "price": "100", "unit_price": "$2.50/ lb", "name": "Banquet Brown 'N Serve Sausage Links Original - 10 ct Frozen", "cnid": "2858", "productId": "143020", "size": "6.4 oz box"},
{"thumb": "http://i4.peapod.com/c/KK/KKNHZ.gif", "price": "150", "unit_price": "$3.75/ lb", "name": "Banquet Brown 'N Serve Sausage Links Original Lite - 10 ct Frozen", "cnid": "2858", "productId": "143021", "size": "6.4 oz box"},
{"thumb": "http://i4.peapod.com/c/KK/KKNHZ.gif", "price": "100", "unit_price": "$2.50/ lb", "name": "Banquet Brown 'N Serve Sausage Patties Original - 8 ct Frozen", "cnid": "2858", "productId": "143023", "size": "6.4 oz box"},
{"thumb": "http://i4.peapod.com/c/KK/KKNHZ.gif", "price": "100", "unit_price": "$2.50/ lb", "name": "Banquet Brown 'N Serve Turkey Sausage Links - 10 ct Frozen", "cnid": "2858", "productId": "22494", "size": "6.4 oz box"},
{"thumb": "http://i4.peapod.com/c/KK/KKNHZ.gif", "price": "100", "unit_price": "$2.50/ lb", "name": "Banquet Brown 'N Serve Turkey Sausage Patties - 8 ct Frozen", "cnid": "2858", "productId": "162446", "size": "6.4 oz box"},
{"thumb": "http://i4.peapod.com/c/KK/KKNHZ.gif", "price": "599", "unit_price": "$5.99/ lb", "name": "Boar's Head Beef Frankfurters Lite Skinless - 10 ct", "cnid": "2858", "productId": "73323", "size": "16 oz pkg"},
{"thumb": "http://i4.peapod.com/c/KK/KKNHZ.gif", "price": "599", "unit_price": "$5.99/ lb", "name": "Boar's Head Beef Frankfurters Skinless - 10 ct", "cnid": "2858", "productId": "73322", "size": "16 oz pkg"},
{"thumb": "http://i4.peapod.com/c/KK/KKNHZ.gif", "price": "699", "unit_price": "$6.99/ lb", "name": "Boar's Head Beef Knockwurst - 4 ct", "cnid": "2858", "productId": "78772", "size": "16 oz pkg"},
{"thumb": "http://i4.peapod.com/c/KK/KKNHZ.gif", "price": "599", "unit_price": "$5.99/ lb", "name": "Boar's Head Deli Bratwurst Cooked - 4 ct", "cnid": "2858", "productId": "73312", "size": "16 oz pkg"},
{"thumb": "http://i4.peapod.com/c/KK/KKNHZ.gif", "price": "649", "unit_price": "$13.81/ lb", "name": "Boar's Head Italian Sausage Dry Stick", "cnid": "2858", "productId": "154453", "size": "7.5 oz pkg"},
{"thumb": "http://i4.peapod.com/c/KK/KKNHZ.gif", "price": "499", "unit_price": "$4.99/ lb", "name": "Deutschmacher Brand Deli Franks Skinless - 4 ct", "cnid": "2858", "productId": "131008", "size": "apx 1 lb"},
{"thumb": "http://i4.peapod.com/c/KK/KKNHZ.gif", "price": "1999", "unit_price": "$4.00/ lb", "name": "Deutschmacher Brand Frankfurters - 28 ct", "cnid": "2858", "productId": "145272", "size": "5 lb pkg"},
{"thumb": "http://i4.peapod.com/c/KK/KKNHZ.gif", "price": "1569", "unit_price": "$6.28/ lb", "name": "Deutschmacher Brand Frankfurters Natural Casing - 15 ct", "cnid": "2858", "productId": "56308", "size": "40 oz box"},
{"thumb": "http://i4.peapod.com/c/KK/KKNHZ.gif", "price": "519", "unit_price": "$5.19/ lb", "name": "Fenway Beef Franks - 8 ct", "cnid": "2858", "productId": "37092", "size": "16 oz pkg"},
{"thumb": "http://i4.peapod.com/c/KK/KKNHZ.gif", "price": "469", "unit_price": "$4.69/ lb", "name": "Fenway Franks - 8 ct", "cnid": "2858", "productId": "141382", "size": "16 oz pkg"},
{"thumb": "http://i4.peapod.com/c/KK/KKNHZ.gif", "price": "1199", "unit_price": "$4.80/ lb", "name": "Hebrew National Beef Franks - 20 ct", "cnid": "2858", "productId": "150490", "size": "2.5 lb pkg"},
{"thumb": "http://i4.peapod.com/c/KK/KKNHZ.gif", "price": "350", "unit_price": "$4.67/ lb", "name": "Hebrew National Beef Franks - 7 ct", "cnid": "2858", "productId": "20005", "size": "12 oz pkg"},
{"thumb": "http://i4.peapod.com/c/KK/KKNHZ.gif", "price": "350", "unit_price": "$5.07/ lb", "name": "Hebrew National Beef Franks 97% Fat Free - 7 ct", "cnid": "2858", "productId": "89970", "size": "11 oz pkg"},
{"thumb": "http://i4.peapod.com/c/KK/KKNHZ.gif", "price": "350", "unit_price": "$5.07/ lb", "name": "Hebrew National Beef Franks Reduced Fat - 7 ct", "cnid": "2858", "productId": "35620", "size": "11 oz pkg"},
{"thumb": "http://i4.peapod.com/c/KK/KKNHZ.gif", "price": "350", "unit_price": "$4.67/ lb", "name": "Hebrew National Beef Knockwurst - 4 ct", "cnid": "2858", "productId": "20006", "size": "12 oz pkg"},
{"thumb": "http://i4.peapod.com/c/KK/KKNHZ.gif", "price": "449", "unit_price": "$5.54/ lb", "name": "Hillshire Farm Beef Polska Kielbasa Rope", "cnid": "2858", "productId": "115390", "size": "13 oz pkg"},
{"thumb": "http://i4.peapod.com/c/KK/KKNHZ.gif", "price": "449", "unit_price": "$5.34/ lb", "name": "Hillshire Farm Beef Sausage Hot Links Smoked with Chile Peppers - 6 ct", "cnid": "2858", "productId": "68806", "size": "13.5 oz pkg"},
{"thumb": "http://i4.peapod.com/c/KK/KKNHZ.gif", "price": "449", "unit_price": "$5.54/ lb", "name": "Hillshire Farm Chicken Sausage Rope Hardwood Smoked", "cnid": "2858", "productId": "157668", "size": "13 oz pkg"},
{"thumb": "http://i4.peapod.com/c/KK/KKNHZ.gif", "price": "350", "unit_price": "$3.98/ lb", "name": "Hillshire Farm Lit'l Beef Franks - apx 48 ct", "cnid": "2858", "productId": "119852", "size": "13 oz pkg"},
{"thumb": "http://i4.peapod.com/c/KK/KKNHZ.gif", "price": "350", "unit_price": "$3.98/ lb", "name": "Hillshire Farm Lit'l Wieners Cocktail Franks", "cnid": "2858", "productId": "30771", "size": "14 oz pkg"},
{"thumb": "http://i4.peapod.com/c/KK/KKNHZ.gif", "price": "449", "unit_price": "$5.10/ lb", "name": "Hillshire Farm Polska Kielbasa Links - 6 ct", "cnid": "2858", "productId": "153749", "size": "14 oz pkg"},
{"thumb": "http://i4.peapod.com/c/KK/KKNHZ.gif", "price": "449", "unit_price": "$5.54/ lb", "name": "Hillshire Farm Polska Kielbasa Lite Rope", "cnid": "2858", "productId": "127291", "size": "13 oz pkg"},
{"thumb": "http://i4.peapod.com/c/KK/KKNHZ.gif", "price": "999", "unit_price": "$3.81/ lb", "name": "Hillshire Farm Polska Kielbasa Rope", "cnid": "2858", "productId": "61756", "size": "2.62 lb pkg"},
{"thumb": "http://i4.peapod.com/c/KK/KKNHZ.gif", "price": "449", "unit_price": "$5.10/ lb", "name": "Hillshire Farm Polska Kielbasa Rope", "cnid": "2858", "productId": "61536", "size": "14 oz pkg"},
{"thumb": "http://i4.peapod.com/c/KK/KKNHZ.gif", "price": "449", "unit_price": "$5.34/ lb", "name": "Hillshire Farm Sausage Links Cheddar Wurst Smoked - 6 ct", "cnid": "2858", "productId": "9886", "size": "13.5 oz pkg"},
{"thumb": "http://i4.peapod.com/c/KK/KKNHZ.gif", "price": "449", "unit_price": "$5.10/ lb", "name": "Hillshire Farm Sausage Smoked Rope", "cnid": "2858", "productId": "61398", "size": "14 oz pkg"},
{"thumb": "http://i4.peapod.com/c/KK/KKNHZ.gif", "price": "449", "unit_price": "$5.54/ lb", "name": "Hillshire Farm Turkey Polska Kielbasa Rope", "cnid": "2858", "productId": "61399", "size": "13 oz pkg"},
{"thumb": "http://i4.peapod.com/c/KK/KKNHZ.gif", "price": "399", "unit_price": "$6.65/ lb", "name": "Jimmy Dean Pork Sausage Links Original Fully Cooked - 12 ct", "cnid": "2858", "productId": "160632", "size": "9.6 oz box"},
{"thumb": "http://i4.peapod.com/c/KK/KKNHZ.gif", "price": "399", "unit_price": "$6.65/ lb", "name": "Jimmy Dean Pork Sausage Patties Original Fully Cooked - 8 ct", "cnid": "2858", "productId": "162591", "size": "9.6 oz box"},
{"thumb": "http://i4.peapod.com/c/KK/KKNHZ.gif", "price": "399", "unit_price": "$3.99/ lb", "name": "Jimmy Dean Premium Pork Sausage Roll Regular", "cnid": "2858", "productId": "39627", "size": "16 oz pkg"},
{"thumb": "http://i4.peapod.com/c/KK/KKNHZ.gif", "price": "379", "unit_price": "$4.31/ lb", "name": "John Morrell Polska Kielbasa Rope", "cnid": "2858", "productId": "190235", "size": "14 oz pkg"},
{"thumb": "http://i4.peapod.com/c/KK/KKNHZ.gif", "price": "399", "unit_price": "$4.53/ lb", "name": "Johnsonville Better with Cheddar Sausage Smoked & Cooked - 6 ct", "cnid": "2858", "productId": "9344", "size": "14 oz pkg"},
{"thumb": "http://i4.peapod.com/c/KK/KKNHZ.gif", "price": "399", "unit_price": "$5.32/ lb", "name": "Johnsonville Breakfast Sausage Links Brown Sugar & Honey - 14 ct", "cnid": "2858", "productId": "131862", "size": "12 oz pkg"},
{"thumb": "http://i4.peapod.com/c/KK/KKNHZ.gif", "price": "399", "unit_price": "$5.32/ lb", "name": "Johnsonville Breakfast Sausage Links Original - 14 ct", "cnid": "2858", "productId": "12573", "size": "12 oz pkg"},
{"thumb": "http://i4.peapod.com/c/KK/KKNHZ.gif", "price": "399", "unit_price": "$5.32/ lb", "name": "Johnsonville Breakfast Sausage Links Vermont Maple Syrup - 14 ct", "cnid": "2858", "productId": "35692", "size": "12 oz pkg"},
{"thumb": "http://i4.peapod.com/c/KK/KKNHZ.gif", "price": "449", "unit_price": "$5.99/ lb", "name": "Johnsonville Chicken Sausage 3 Cheese Italian Style Fully Cooked - 4 ct", "cnid": "2858", "productId": "162751", "size": "12 oz pkg"},
{"thumb": "http://i4.peapod.com/c/KK/KKNHZ.gif", "price": "449", "unit_price": "$5.99/ lb", "name": "Johnsonville Chicken Sausage Chipotle Monterey Jack Fully Cooked - 4 ct", "cnid": "2858", "productId": "190243", "size": "12 oz pkg"},
{"thumb": "http://i4.peapod.com/c/KK/KKNHZ.gif", "price": "449", "unit_price": "$5.99/ lb", "name": "Johnsonville Chicken Sausage w/Real Apples Fully Cooked - 4 ct", "cnid": "2858", "productId": "190241", "size": "12 oz pkg"},
{"thumb": "http://i4.peapod.com/c/KK/KKNHZ.gif", "price": "399", "unit_price": "$3.35/ lb", "name": "Johnsonville Fresh Grillin' Beer'n Bratwurst - 5 ct", "cnid": "2858", "productId": "131860", "size": "19 oz pkg"},
{"thumb": "http://i4.peapod.com/c/KK/KKNHZ.gif", "price": "399", "unit_price": "$3.35/ lb", "name": "Johnsonville Fresh Grillin' Bratwurst Original - 5 ct", "cnid": "2858", "productId": "131857", "size": "19 oz pkg"},
{"thumb": "http://i4.peapod.com/c/KK/KKNHZ.gif", "price": "349", "unit_price": "$3.49/ lb", "name": "Johnsonville Italian Ground Pork Sausage Hot All Natural", "cnid": "2858", "productId": "184687", "size": "16 oz pkg"},
{"thumb": "http://i4.peapod.com/c/KK/KKNHZ.gif", "price": "349", "unit_price": "$3.49/ lb", "name": "Johnsonville Italian Ground Pork Sausage Mild All Natural", "cnid": "2858", "productId": "148674", "size": "16 oz pkg"},
{"thumb": "http://i4.peapod.com/c/KK/KKNHZ.gif", "price": "399", "unit_price": "$3.63/ lb", "name": "Johnsonville Italian Pork & Chicken Sausage Mild - 5 ct", "cnid": "2858", "productId": "190240", "size": "17.6 oz pkg"},
{"thumb": "http://i4.peapod.com/c/KK/KKNHZ.gif", "price": "399", "unit_price": "$3.22/ lb", "name": "Johnsonville Italian Sausage Hot - 5 ct", "cnid": "2858", "productId": "131859", "size": "19.7 oz pkg"},
{"thumb": "http://i4.peapod.com/c/KK/KKNHZ.gif", "price": "399", "unit_price": "$3.22/ lb", "name": "Johnsonville Italian Sausage Mild - 5 ct", "cnid": "2858", "productId": "35691", "size": "19.7 oz pkg"},
{"thumb": "http://i4.peapod.com/c/KK/KKNHZ.gif", "price": "399", "unit_price": "$4.53/ lb", "name": "Johnsonville Stadium Brats Cooked - 6 ct", "cnid": "2858", "productId": "9343", "size": "14 oz pkg"},
{"thumb": "http://i4.peapod.com/c/KK/KKNHZ.gif", "price": "200", "unit_price": "$4.55/ lb", "name": "Jones Dairy Farm Golden Brown Sausage Patties Maple - 6 ct Frozen", "cnid": "2858", "productId": "162701", "size": "7 oz box"},
{"thumb": "http://i4.peapod.com/c/KK/KKNHZ.gif", "price": "199", "unit_price": "$4.52/ lb", "name": "Jones Dairy Farm Golden Brown Sausage Patties Mild All Natural-6 ct Frozen", "cnid": "2858", "productId": "3160", "size": "7 oz box"},
{"thumb": "http://i4.peapod.com/c/KK/KKNHZ.gif", "price": "199", "unit_price": "$6.42/ lb", "name": "Jones Dairy Farm Golden Brown Turkey Sausage Links All Natural-10ct Frozen", "cnid": "2858", "productId": "161088", "size": "5 oz box"},
{"thumb": "http://i4.peapod.com/c/KK/KKNHZ.gif", "price": "349", "unit_price": "$4.65/ lb", "name": "Jones Dairy Farm Pork & Rice Sausage Links Light - apx 11-13 ct Frozen", "cnid": "2858", "productId": "123060", "size": "12 oz box"},
{"thumb": "http://i4.peapod.com/c/KK/KKNHZ.gif", "price": "319", "unit_price": "$6.38/ lb", "name": "Jones Dairy Farm Pork Sausage Little Link Natural - 8 ct Frozen", "cnid": "2858", "productId": "62052", "size": "8 oz box"},
{"thumb": "http://i4.peapod.com/c/KK/KKNHZ.gif", "price": "349", "unit_price": "$4.65/ lb", "name": "Jones Dairy Farm Pork Sausage Little Links All Natural Frozen", "cnid": "2858", "productId": "117949", "size": "12 oz box"},
{"thumb": "http://i4.peapod.com/c/KK/KKNHZ.gif", "price": "299", "unit_price": "$3.99/ lb", "name": "Jones Dairy Farm Pork Sausage Roll Original All Natural", "cnid": "2858", "productId": "123062", "size": "12 oz pkg"},
{"thumb": "http://i4.peapod.com/c/KK/KKNHZ.gif", "price": "427", "unit_price": "$5.69/ lb", "name": "Kayem Deli Franks Natural Casing - 6 ct", "cnid": "2858", "productId": "124473", "size": "apx 3/4 lb"},
{"thumb": "http://i4.peapod.com/c/KK/KKNHZ.gif", "price": "299", "unit_price": "$3.99/ lb", "name": "Kayem Deli Franks Skinless - apx 6 ct", "cnid": "2858", "productId": "154801", "size": "apx 3/4 lb"},
{"thumb": "http://i4.peapod.com/c/KK/KKNHZ.gif", "price": "469", "unit_price": "$4.69/ lb", "name": "Kayem Deli Hot Dogs Skinless", "cnid": "2858", "productId": "162770", "size": "16 oz pkg"},
{"thumb": "http://i4.peapod.com/c/KK/KKNHZ.gif", "price": "1599", "unit_price": "$3.20/ lb", "name": "Kayem Hot Dogs Skinless - apx 40 ct", "cnid": "2858", "productId": "150579", "size": "5 lb pkg"},
{"thumb": "http://i4.peapod.com/c/KK/KKNHZ.gif", "price": "399", "unit_price": "$5.32/ lb", "name": "Kayem Old Tyme Beef Franks Natural Casing - 6 ct", "cnid": "2858", "productId": "162668", "size": "12 oz pkg"},
{"thumb": "http://i4.peapod.com/c/KK/KKNHZ.gif", "price": "389", "unit_price": "$5.19/ lb", "name": "Kayem Old Tyme Franks Natural Casing - 6 ct", "cnid": "2858", "productId": "162671", "size": "12 oz pkg"},
{"thumb": "http://i4.peapod.com/c/KK/KKNHZ.gif", "price": "2199", "unit_price": "$4.40/ lb", "name": "Kayem Old Tyme Franks Natural Casing - apx 40 ct", "cnid": "2858", "productId": "150580", "size": "5 lb pkg"},
{"thumb": "http://i4.peapod.com/c/KK/KKNHZ.gif", "price": "412", "unit_price": "$5.49/ lb", "name": "Maple Leaf Deli Franks Natural Casing - 6 ct", "cnid": "2858", "productId": "154802", "size": "apx 3/4 lb"},
{"thumb": "http://i4.peapod.com/c/KK/KKNHZ.gif", "price": "599", "unit_price": "$6.81/ lb", "name": "Nathan's Angus Beef Franks", "cnid": "2858", "productId": "190246", "size": "14 oz pkg"},
{"thumb": "http://i4.peapod.com/c/KK/KKNHZ.gif", "price": "599", "unit_price": "$7.99/ lb", "name": "Nathan's Beef Franks Natural Casing - 6 ct", "cnid": "2858", "productId": "158901", "size": "12 oz pkg"},
{"thumb": "http://i4.peapod.com/c/KK/KKNHZ.gif", "price": "599", "unit_price": "$6.81/ lb", "name": "Nathan's Beef Franks Skinless - 8 ct", "cnid": "2858", "productId": "37088", "size": "14 oz pkg"},
{"thumb": "http://i4.peapod.com/c/KK/KKNHZ.gif", "price": "999", "unit_price": "$3.33/ lb", "name": "Nathan's Beef Franks Skinless Family Size - 24 ct", "cnid": "2858", "productId": "150491", "size": "48 oz pkg"},
{"thumb": "http://i4.peapod.com/c/KK/KKNHZ.gif", "price": "599", "unit_price": "$6.81/ lb", "name": "Nathan's Bigger Than The Bun Beef Franks Skinless - 8 ct", "cnid": "2858", "productId": "116417", "size": "14 oz pkg"},
{"thumb": "http://i4.peapod.com/c/KK/KKNHZ.gif", "price": "599", "unit_price": "$5.99/ lb", "name": "Nature's Promise Naturals Beef Hot Dogs Uncured - 8 ct", "cnid": "2858", "productId": "145175", "size": "16 oz pkg"},
{"thumb": "http://i4.peapod.com/c/KK/KKNHZ.gif", "price": "499", "unit_price": "$4.99/ lb", "name": "Nature's Promise Naturals Chicken Sausage Apple - 5 ct Fresh", "cnid": "2858", "productId": "162903", "size": "apx 1 lb"},
{"thumb": "http://i4.peapod.com/c/KK/KKNHZ.gif", "price": "499", "unit_price": "$4.99/ lb", "name": "Nature's Promise Naturals Chicken Sausage Mild Italian - 5 ct Fresh", "cnid": "2858", "productId": "162905", "size": "apx 1 lb"},
{"thumb": "http://i4.peapod.com/c/KK/KKNHZ.gif", "price": "549", "unit_price": "$5.49/ lb", "name": "Nature's Promise Naturals Chicken Sausage Sun Dried Tomato & Basil - 5 ct", "cnid": "2858", "productId": "144552", "size": "16 oz pkg"},
{"thumb": "http://i4.peapod.com/c/KK/KKNHZ.gif", "price": "399", "unit_price": "$3.99/ lb", "name": "Oscar Mayer Beef Franks Classic - 10 ct", "cnid": "2858", "productId": "6335", "size": "16 oz pkg"},
{"thumb": "http://i4.peapod.com/c/KK/KKNHZ.gif", "price": "399", "unit_price": "$3.99/ lb", "name": "Oscar Mayer Hot Dogs Cheese - 10 ct", "cnid": "2858", "productId": "6331", "size": "16 oz pkg"},
{"thumb": "http://i4.peapod.com/c/KK/KKNHZ.gif", "price": "549", "unit_price": "$6.24/ lb", "name": "Oscar Mayer Selects Angus Beef Franks Smoked Uncured - 8 ct", "cnid": "2858", "productId": "158283", "size": "14 oz pkg"},
{"thumb": "http://i4.peapod.com/c/KK/KKNHZ.gif", "price": "399", "unit_price": "$3.99/ lb", "name": "Oscar Mayer Selects Turkey Franks Hardwood Smoked Uncured - 8 ct", "cnid": "2858", "productId": "158284", "size": "16 oz pkg"},
{"thumb": "http://i4.peapod.com/c/KK/KKNHZ.gif", "price": "399", "unit_price": "$4.53/ lb", "name": "Oscar Mayer Wieners 98% Fat Free - 8 ct", "cnid": "2858", "productId": "40192", "size": "14 oz pkg"},
{"thumb": "http://i4.peapod.com/c/KK/KKNHZ.gif", "price": "399", "unit_price": "$3.99/ lb", "name": "Oscar Mayer Wieners Classic - 10 ct", "cnid": "2858", "productId": "6332", "size": "16 oz pkg"},
{"thumb": "http://i4.peapod.com/c/KK/KKNHZ.gif", "price": "549", "unit_price": "$5.49/ lb", "name": "Pearl Beef Franks Natural Casing - 4 ct", "cnid": "2858", "productId": "138796", "size": "apx 1 lb"},
{"thumb": "http://i4.peapod.com/c/KK/KKNHZ.gif", "price": "429", "unit_price": "$4.29/ lb", "name": "Perri Italian Sausage Links Hot - 6 ct Fresh", "cnid": "2858", "productId": "61987", "size": "16 oz pkg"},
{"thumb": "http://i4.peapod.com/c/KK/KKNHZ.gif", "price": "429", "unit_price": "$4.29/ lb", "name": "Perri Italian Sausage Links Sweet - 6 ct Fresh", "cnid": "2858", "productId": "61986", "size": "16 oz pkg"},
{"thumb": "http://i4.peapod.com/c/KK/KKNHZ.gif", "price": "399", "unit_price": "$2.66/ lb", "name": "Shady Brook Farms Italian Turkey Sausage Hot - 6 ct Fresh", "cnid": "2858", "productId": "141200", "size": "1.5 lb pkg"},
{"thumb": "http://i4.peapod.com/c/KK/KKNHZ.gif", "price": "399", "unit_price": "$2.66/ lb", "name": "Shady Brook Farms Italian Turkey Sausage Sweet - 6 ct Fresh", "cnid": "2858", "productId": "141199", "size": "1.5 lb pkg"},
{"thumb": "http://i4.peapod.com/c/KK/KKNHZ.gif", "price": "369", "unit_price": "$3.69/ lb", "name": "Stop & Shop Beef Franks Gluten Free - 8 ct", "cnid": "2858", "productId": "162769", "size": "16 oz pkg"},
{"thumb": "http://i4.peapod.com/c/KK/KKNHZ.gif", "price": "1199", "unit_price": "$5.99/ lb", "name": "Stop & Shop Deli Franks Natural Casing", "cnid": "2858", "productId": "131199", "size": "2 lb box"},
{"thumb": "http://i4.peapod.com/c/KK/KKNHZ.gif", "price": "289", "unit_price": "$2.89/ lb", "name": "Stop & Shop Franks Jumbo Gluten Free - 8 ct", "cnid": "2858", "productId": "162771", "size": "16 oz pkg"},
{"thumb": "http://i4.peapod.com/c/KK/KKNHZ.gif", "price": "399", "unit_price": "$3.99/ lb", "name": "Stop & Shop Italian Sausage Hot - 6 ct Fresh", "cnid": "2858", "productId": "118908", "size": "16 oz pkg"},
{"thumb": "http://i4.peapod.com/c/KK/KKNHZ.gif", "price": "399", "unit_price": "$3.99/ lb", "name": "Stop & Shop Italian Sausage Patties Sweet - 4 ct Fresh", "cnid": "2858", "productId": "190319", "size": "16 oz pkg"},
{"thumb": "http://i4.peapod.com/c/KK/KKNHZ.gif", "price": "399", "unit_price": "$3.99/ lb", "name": "Stop & Shop Premium Italian Sausage Cheese & Garlic - 6 ct Fresh", "cnid": "2858", "productId": "186027", "size": "16 oz pkg"},
{"thumb": "http://i4.peapod.com/c/KK/KKNHZ.gif", "price": "399", "unit_price": "$3.99/ lb", "name": "Stop & Shop Premium Italian Sausage Pepper & Onion - 5 ct Fresh", "cnid": "2858", "productId": "190321", "size": "16 oz pkg"},
{"thumb": "http://i4.peapod.com/c/KK/KKNHZ.gif", "price": "399", "unit_price": "$3.99/ lb", "name": "Stop & Shop Premium Italian Sausage Sweet - 6 ct Fresh", "cnid": "2858", "productId": "118909", "size": "16 oz pkg"},
{"thumb": "http://i4.peapod.com/c/KK/KKNHZ.gif", "price": "399", "unit_price": "$3.99/ lb", "name": "Stop & Shop Sausage Chinese Style - 5 ct Fresh", "cnid": "2858", "productId": "190289", "size": "16 oz pkg"},
{"thumb": "http://i4.peapod.com/c/KK/KKNHZ.gif", "price": "478", "unit_price": "$2.99/ lb", "name": "Perdue Cornish Game Hen Fresh", "cnid": "2856", "productId": "21736", "size": "apx 1.6 lb"},
{"thumb": "http://i4.peapod.com/c/KK/KKNHZ.gif", "price": "999", "unit_price": "$2.66/ lb", "name": "Perdue Oven Ready Cornish Hens Whole Seasoned in Cook-in Bags - 2 ct Fresh", "cnid": "2856", "productId": "156931", "size": "3.75 lb pkg"},
{"thumb": "http://i4.peapod.com/c/KK/KKNHZ.gif", "price": "549", "unit_price": "$7.32/ lb", "name": "Aidells Meatballs Chicken Teriyaki & Pineapple All Natural", "cnid": "2855", "productId": "140741", "size": "12 oz pkg"},
{"thumb": "http://i4.peapod.com/c/KK/KKNHZ.gif", "price": "329", "unit_price": "$4.39/ lb", "name": "Banquet Chicken Breast Nuggets Frozen", "cnid": "2855", "productId": "162706", "size": "12 oz box"},
{"thumb": "http://i4.peapod.com/c/KK/KKNHZ.gif", "price": "759", "unit_price": "$4.34/ lb", "name": "Banquet Chicken Crispy Variety Pack Frozen", "cnid": "2855", "productId": "162704", "size": "28 oz box"},
{"thumb": "http://i4.peapod.com/c/KK/KKNHZ.gif", "price": "499", "unit_price": "$7.92/ lb", "name": "Barber Foods Chicken Breasts Raw Stuffed Broccoli & Cheese - 2 ct Frozen", "cnid": "2855", "productId": "69321", "size": "10 oz box"},
{"thumb": "http://i4.peapod.com/c/KK/KKNHZ.gif", "price": "499", "unit_price": "$7.92/ lb", "name": "Barber Foods Chicken Breasts Raw Stuffed Cordon Bleu - 2 ct Frozen", "cnid": "2855", "productId": "27834", "size": "10 oz box"},
{"thumb": "http://i4.peapod.com/c/KK/KKNHZ.gif", "price": "499", "unit_price": "$7.92/ lb", "name": "Barber Foods Chicken Breasts Raw Stuffed Homestyle - 2 ct Frozen", "cnid": "2855", "productId": "47727", "size": "10 oz box"},
{"thumb": "http://i4.peapod.com/c/KK/KKNHZ.gif", "price": "479", "unit_price": "$7.60/ lb", "name": "Boca Meatless Chik'n Patties Original - 4 ct Frozen", "cnid": "2855", "productId": "123981", "size": "10 oz box"},
{"thumb": "http://i4.peapod.com/c/KK/KKNHZ.gif", "price": "479", "unit_price": "$7.60/ lb", "name": "Boca Meatless Chik'n Patties Spicy - 4 ct Frozen", "cnid": "2855", "productId": "123982", "size": "10 oz box"},
{"thumb": "http://i4.peapod.com/c/KK/KKNHZ.gif", "price": "449", "unit_price": "$4.49/ lb", "name": "Lloyd's Simple Ideas Chicken Seasoned & Shredded in BBQ Sauce Refrigerated", "cnid": "2855", "productId": "126795", "size": "16 oz tub"},
{"thumb": "http://i4.peapod.com/c/KK/KKNHZ.gif", "price": "339", "unit_price": "$4.52/ lb", "name": "Mrs. Budd's Chicken Pie White Meat with Fancy Vegetables Refrigerated", "cnid": "2855", "productId": "72022", "size": "12 oz box"},
{"thumb": "http://i4.peapod.com/c/KK/KKNHZ.gif", "price": "749", "unit_price": "$3.33/ lb", "name": "Mrs. Budd's Chicken Pie White Meat with Fancy Vegetables Refrigerated", "cnid": "2855", "productId": "72021", "size": "36 oz box"},
{"thumb": "http://i4.peapod.com/c/KK/KKNHZ.gif", "price": "319", "unit_price": "$4.25/ lb", "name": "Mrs. Budd's Chicken Pie White Meat with Peas & Carrots Refrigerated", "cnid": "2855", "productId": "37100", "size": "12 oz box"},
{"thumb": "http://i4.peapod.com/c/KK/KKNHZ.gif", "price": "649", "unit_price": "$2.88/ lb", "name": "Mrs. Budd's Chicken Pie White Meat with Peas & Carrots Refrigerated", "cnid": "2855", "productId": "37101", "size": "36 oz box"},
{"thumb": "http://i4.peapod.com/c/KK/KKNHZ.gif", "price": "259", "unit_price": "$3.45/ lb", "name": "Mrs. Budd's Chicken Pie with Peas & Carrots Original Refrigerated", "cnid": "2855", "productId": "37099", "size": "12 oz box"},
{"thumb": "http://i4.peapod.com/c/KK/KKNHZ.gif", "price": "749", "unit_price": "$4.99/ lb", "name": "Mrs. Budd's Shepherd's Pie Refrigerated", "cnid": "2855", "productId": "162667", "size": "24 oz box"},
{"thumb": "http://i4.peapod.com/c/KK/KKNHZ.gif", "price": "649", "unit_price": "$4.99/ lb", "name": "Nature's Promise Naturals Chicken Breasts Boneless Antibiotic Free Fresh", "cnid": "2855", "productId": "116936", "size": "apx 1.3 lb"},
{"thumb": "http://i4.peapod.com/c/KK/KKNHZ.gif", "price": "999", "unit_price": "$6.66/ lb", "name": "Nature's Promise Naturals Chicken Breasts Boneless Skinless - 6 ct Fresh", "cnid": "2855", "productId": "159327", "size": "24 oz pkg"},
{"thumb": "http://i4.peapod.com/c/KK/KKNHZ.gif", "price": "559", "unit_price": "$3.29/ lb", "name": "Nature's Promise Naturals Chicken Breasts Split Antibiotic Free Fresh", "cnid": "2855", "productId": "131225", "size": "apx 1.7 lb"},
{"thumb": "http://i4.peapod.com/c/KK/KKNHZ.gif", "price": "686", "unit_price": "$5.49/ lb", "name": "Nature's Promise Naturals Chicken Breasts Thin Sliced Antibiotic Free Frsh", "cnid": "2855", "productId": "134224", "size": "apx 1.25 lb"},
{"thumb": "http://i4.peapod.com/c/KK/KKNHZ.gif", "price": "549", "unit_price": "$5.49/ lb", "name": "Nature's Promise Naturals Chicken Breast Tenders Antibiotic Free Fresh", "cnid": "2855", "productId": "134223", "size": "apx 1 lb"},
{"thumb": "http://i4.peapod.com/c/KK/KKNHZ.gif", "price": "383", "unit_price": "$2.19/ lb", "name": "Nature's Promise Naturals Chicken Drumsticks Antibiotic Free Fresh", "cnid": "2855", "productId": "131227", "size": "apx 1.75 lb"},
{"thumb": "http://i4.peapod.com/c/KK/KKNHZ.gif", "price": "383", "unit_price": "$2.19/ lb", "name": "Nature's Promise Naturals Chicken Thighs Antibiotic Free Fresh", "cnid": "2855", "productId": "131228", "size": "apx 1.75 lb"},
{"thumb": "http://i4.peapod.com/c/KK/KKNHZ.gif", "price": "599", "unit_price": "$3.99/ lb", "name": "Nature's Promise Naturals Chicken Thighs Boneless Skinless", "cnid": "2855", "productId": "190247", "size": "apx 1.5 lb"},
{"thumb": "http://i4.peapod.com/c/KK/KKNHZ.gif", "price": "756", "unit_price": "$1.89/ lb", "name": "Nature's Promise Naturals Chicken Whole Antibiotic Free Fresh", "cnid": "2855", "productId": "116935", "size": "apx 3-5 lb"},
{"thumb": "http://i4.peapod.com/c/KK/KKNHZ.gif", "price": "799", "unit_price": "$6.10/ lb", "name": "Nature's Promise Naturals Chicken Wings Buffalo Glaze Frozen", "cnid": "2855", "productId": "178285", "size": "21 oz bag"},
{"thumb": "http://i4.peapod.com/c/KK/KKNHZ.gif", "price": "999", "unit_price": "$6.13/ lb", "name": "Perdue Chicken Breast Chunks Bourbon Glazed Breaded Fully Cooked Frozen", "cnid": "2855", "productId": "151587", "size": "26 oz bag"},
{"thumb": "http://i4.peapod.com/c/KK/KKNHZ.gif", "price": "999", "unit_price": "$6.13/ lb", "name": "Perdue Chicken Breast Chunks General Tso's Breaded Fully Cooked Frozen", "cnid": "2855", "productId": "153724", "size": "26 oz bag"},
{"thumb": "http://i4.peapod.com/c/KK/KKNHZ.gif", "price": "999", "unit_price": "$6.13/ lb", "name": "Perdue Chicken Breast Chunks Honey BBQ Glazed Breaded Fully Cooked Frozen", "cnid": "2855", "productId": "151586", "size": "26 oz bag"},
{"thumb": "http://i4.peapod.com/c/KK/KKNHZ.gif", "price": "449", "unit_price": "$5.99/ lb", "name": "Perdue Chicken Breast Cutlets Homestyle Breaded Fully Cooked - 4 ct Fresh", "cnid": "2855", "productId": "107423", "size": "12 oz pkg"},
{"thumb": "http://i4.peapod.com/c/KK/KKNHZ.gif", "price": "449", "unit_price": "$5.99/ lb", "name": "Perdue Chicken Breast Cutlets Italian Breaded Fully Cooked - 4 ct Fresh", "cnid": "2855", "productId": "107424", "size": "12 oz pkg"},
{"thumb": "http://i4.peapod.com/c/KK/KKNHZ.gif", "price": "399", "unit_price": "$5.32/ lb", "name": "Perdue Chicken Breast Cutlets Original Breaded Fully Cooked - 4 ct Fresh", "cnid": "2855", "productId": "81171", "size": "12 oz pkg"},
{"thumb": "http://i4.peapod.com/c/KK/KKNHZ.gif", "price": "399", "unit_price": "$5.32/ lb", "name": "Perdue Chicken Breast Nuggets Original Breaded Fully Cooked Fresh", "cnid": "2855", "productId": "63784", "size": "12 oz pkg"},
{"thumb": "http://i4.peapod.com/c/KK/KKNHZ.gif", "price": "449", "unit_price": "$5.99/ lb", "name": "Perdue Chicken Breast Nuggets Whole Grain Breaded Fully Cooked Fresh", "cnid": "2855", "productId": "145859", "size": "12 oz pkg"},
{"thumb": "http://i4.peapod.com/c/KK/KKNHZ.gif", "price": "1497", "unit_price": "$4.99/ lb", "name": "Perdue Chicken Breasts Boneless Value Pack Fresh", "cnid": "2855", "productId": "140946", "size": "apx 3 lb"},
{"thumb": "http://i4.peapod.com/c/KK/KKNHZ.gif", "price": "698", "unit_price": "$3.49/ lb", "name": "Perdue Chicken Breasts Split Bone-In with Rib - 2 ct Fresh", "cnid": "2855", "productId": "57993", "size": "apx 2 lb"},
{"thumb": "http://i4.peapod.com/c/KK/KKNHZ.gif", "price": "568", "unit_price": "$3.79/ lb", "name": "Perdue Chicken Breasts Split with Ribs All Natural - 2 ct Fresh", "cnid": "2855", "productId": "57996", "size": "apx 1.5 lb"},
{"thumb": "http://i4.peapod.com/c/KK/KKNHZ.gif", "price": "999", "unit_price": "$6.13/ lb", "name": "Perdue Chicken Breast Strips Homestyle Breaded Fully Cooked Frozen", "cnid": "2855", "productId": "153738", "size": "26 oz bag"},
{"thumb": "http://i4.peapod.com/c/KK/KKNHZ.gif", "price": "711", "unit_price": "$5.69/ lb", "name": "Perdue Chicken Breast Tenders - 8-9 ct Fresh", "cnid": "2855", "productId": "21732", "size": "apx 1.25 lb"},
{"thumb": "http://i4.peapod.com/c/KK/KKNHZ.gif", "price": "343", "unit_price": "$2.29/ lb", "name": "Perdue Chicken Drumsticks - 5 ct Fresh", "cnid": "2855", "productId": "11620", "size": "apx 1.5 lb"},
{"thumb": "http://i4.peapod.com/c/KK/KKNHZ.gif", "price": "399", "unit_price": "$3.99/ lb", "name": "Perdue Chicken Ground Fresh", "cnid": "2855", "productId": "103224", "size": "16 oz pkg"},
{"thumb": "http://i4.peapod.com/c/KK/KKNHZ.gif", "price": "658", "unit_price": "$3.29/ lb", "name": "Perdue Chicken Roaster Wingettes - 10 ct Fresh", "cnid": "2855", "productId": "58000", "size": "apx 2 lb"},
{"thumb": "http://i4.peapod.com/c/KK/KKNHZ.gif", "price": "458", "unit_price": "$2.29/ lb", "name": "Perdue Chicken Thighs All Natural - 5 ct Fresh", "cnid": "2855", "productId": "43514", "size": "apx 2 lb"},
{"thumb": "http://i4.peapod.com/c/KK/KKNHZ.gif", "price": "895", "unit_price": "$1.79/ lb", "name": "Perdue Chicken Whole Cut-Up Fresh", "cnid": "2855", "productId": "12320", "size": "apx 5 lb"},
{"thumb": "http://i4.peapod.com/c/KK/KKNHZ.gif", "price": "806", "unit_price": "$1.79/ lb", "name": "Perdue Chicken Whole Fryer Fresh", "cnid": "2855", "productId": "15625", "size": "apx 4-5 lb"},
{"thumb": "http://i4.peapod.com/c/KK/KKNHZ.gif", "price": "526", "unit_price": "$3.29/ lb", "name": "Perdue Chicken Wings - apx 6-9 ct Fresh", "cnid": "2855", "productId": "43513", "size": "apx 1.6 lb"},
{"thumb": "http://i4.peapod.com/c/KK/KKNHZ.gif", "price": "853", "unit_price": "$5.69/ lb", "name": "Perdue Fit & Easy Chicken Breasts Boneless Skinless - 2-3 ct Fresh", "cnid": "2855", "productId": "11774", "size": "apx 1.25 lb"},
{"thumb": "http://i4.peapod.com/c/KK/KKNHZ.gif", "price": "569", "unit_price": "$5.69/ lb", "name": "Perdue Fit & Easy Chicken Breasts Boneless Skinless Thin - 5-6 ct Fresh", "cnid": "2855", "productId": "57995", "size": "apx 1 lb"},
{"thumb": "http://i4.peapod.com/c/KK/KKNHZ.gif", "price": "568", "unit_price": "$3.79/ lb", "name": "Perdue Fit & Easy Chicken Thighs Boneless Skinless - 4 ct Fresh", "cnid": "2855", "productId": "44305", "size": "apx 1.5 lb"},
{"thumb": "http://i4.peapod.com/c/KK/KKNHZ.gif", "price": "399", "unit_price": "$5.32/ lb", "name": "Perdue Fun Shapes Chicken Breast Nuggets Dinosaur Shapes Breaded Fresh", "cnid": "2855", "productId": "122663", "size": "12 oz pkg"},
{"thumb": "http://i4.peapod.com/c/KK/KKNHZ.gif", "price": "999", "unit_price": "$1.66/ lb", "name": "Perdue Oven Ready Chicken Roaster Whole Seasoned in Cook-in Bag Fresh", "cnid": "2855", "productId": "144059", "size": "6 lb pkg"},
{"thumb": "http://i4.peapod.com/c/KK/KKNHZ.gif", "price": "1134", "unit_price": "$1.89/ lb", "name": "Perdue Oven Stuffer Chicken Extra Meaty Whole Roaster Fresh", "cnid": "2855", "productId": "20542", "size": "apx 5-7 lb"},
{"thumb": "http://i4.peapod.com/c/KK/KKNHZ.gif", "price": "1049", "unit_price": "$6.99/ lb", "name": "Perdue Perfect Portions Chicken Breasts Boneless Skinless Italian - 5 ct", "cnid": "2855", "productId": "141585", "size": "1.5 lb pkg"},
{"thumb": "http://i4.peapod.com/c/KK/KKNHZ.gif", "price": "1049", "unit_price": "$6.99/ lb", "name": "Perdue Perfect Portions Chicken Breasts Boneless Skinless Natural - 5 ct", "cnid": "2855", "productId": "141584", "size": "1.5 lb pkg"},
{"thumb": "http://i4.peapod.com/c/KK/KKNHZ.gif", "price": "599", "unit_price": "$10.70/ lb", "name": "Perdue Short Cuts Chicken Carved Breast Strips Grilled Fresh", "cnid": "2855", "productId": "141586", "size": "9 oz box"},
{"thumb": "http://i4.peapod.com/c/KK/KKNHZ.gif", "price": "599", "unit_price": "$10.70/ lb", "name": "Perdue Short Cuts Chicken Carved Breast Strips Grilled Italian Style Fresh", "cnid": "2855", "productId": "50366", "size": "9 oz box"},
{"thumb": "http://i4.peapod.com/c/KK/KKNHZ.gif", "price": "599", "unit_price": "$10.70/ lb", "name": "Perdue Short Cuts Chicken Carved Breast Strips Honey Roasted Fresh", "cnid": "2855", "productId": "94366", "size": "9 oz box"},
{"thumb": "http://i4.peapod.com/c/KK/KKNHZ.gif", "price": "599", "unit_price": "$10.70/ lb", "name": "Perdue Short Cuts Chicken Carved Breast Strips Original Roasted Fresh", "cnid": "2855", "productId": "50367", "size": "9 oz box"},
{"thumb": "http://i4.peapod.com/c/KK/KKNHZ.gif", "price": "383", "unit_price": "$3.83/ lb", "name": "Stop & Shop Chicken Breast Cutlet Boneless Skinless Thin Natural-4ct Fresh", "cnid": "2855", "productId": "58788", "size": "apx 1 lb"},
{"thumb": "http://i4.peapod.com/c/KK/KKNHZ.gif", "price": "519", "unit_price": "$3.99/ lb", "name": "Stop & Shop Chicken Breasts Boneless Fat Free - 3 ct Fresh", "cnid": "2855", "productId": "127276", "size": "apx 1.3 lb"},
{"thumb": "http://i4.peapod.com/c/KK/KKNHZ.gif", "price": "536", "unit_price": "$4.29/ lb", "name": "Stop & Shop Chicken Breasts Boneless Skinless - 2 ct Fresh", "cnid": "2855", "productId": "61410", "size": "apx 1.25 lb"},
{"thumb": "http://i4.peapod.com/c/KK/KKNHZ.gif", "price": "697", "unit_price": "$1.99/ lb", "name": "Stop & Shop Chicken Breasts Boneless Skinless Value Pack Fresh", "cnid": "2855", "productId": "61409", "size": "apx 3-4 lb"},
{"thumb": "http://i4.peapod.com/c/KK/KKNHZ.gif", "price": "1109", "unit_price": "$11.09/ lb", "name": "Stop & Shop Chicken Breasts Fried Fully Cooked Refrigerated", "cnid": "2855", "productId": "151519", "size": "4 ct tub"},
{"thumb": "http://i4.peapod.com/c/KK/KKNHZ.gif", "price": "299", "unit_price": "$3.99/ lb", "name": "Stop & Shop Chicken Breast Strips for Stir Fry 99% Fat Free Fresh", "cnid": "2855", "productId": "58791", "size": "apx 3/4 lb"},
{"thumb": "http://i4.peapod.com/c/KK/KKNHZ.gif", "price": "449", "unit_price": "$2.99/ lb", "name": "Stop & Shop Chicken Breast Tenderloins All Natural Fresh", "cnid": "2855", "productId": "127277", "size": "apx 1.5 lb"},
{"thumb": "http://i4.peapod.com/c/KK/KKNHZ.gif", "price": "679", "unit_price": "$6.79/ lb", "name": "Stop & Shop Chicken Drumsticks Fried Fully Cooked Refrigerated", "cnid": "2855", "productId": "151520", "size": "4 ct tub"},
{"thumb": "http://i4.peapod.com/c/KK/KKNHZ.gif", "price": "596", "unit_price": "$1.49/ lb", "name": "Stop & Shop Chicken Drumsticks Value Pack - 8-10 ct Fresh", "cnid": "2855", "productId": "61405", "size": "apx 3-5 lb"},
{"thumb": "http://i4.peapod.com/c/KK/KKNHZ.gif", "price": "298", "unit_price": "$1.99/ lb", "name": "Stop & Shop Chicken Drumsticks with Asian BBQ Rub Fresh", "cnid": "2855", "productId": "141206", "size": "apx 1.5 lb"},
{"thumb": "http://i4.peapod.com/c/KK/KKNHZ.gif", "price": "899", "unit_price": "$8.99/ lb", "name": "Stop & Shop Chicken Fried 2 Breasts 2 Wings 2 Thighs 2 Drums Fully Cooked", "cnid": "2855", "productId": "151516", "size": "8 ct pkg"},
{"thumb": "http://i4.peapod.com/c/KK/KKNHZ.gif", "price": "1299", "unit_price": "$12.99/ lb", "name": "Stop & Shop Chicken Fried Breasts, Wings, Thighs & Drumsticks Fully Cooked", "cnid": "2855", "productId": "151521", "size": "12 ct tub"},
{"thumb": "http://i4.peapod.com/c/KK/KKNHZ.gif", "price": "279", "unit_price": "$2.79/ ea", "name": "Stop & Shop Chicken Leg Quarter Rotisserie Fully Cooked Refrigerated", "cnid": "2855", "productId": "151253", "size": "1 ea"},
{"thumb": "http://i4.peapod.com/c/KK/KKNHZ.gif", "price": "596", "unit_price": "$1.49/ lb", "name": "Stop & Shop Chicken Leg Quarters Value Pack - 4 ct Fresh", "cnid": "2855", "productId": "61407", "size": "apx 3-5 lb"},
{"thumb": "http://i4.peapod.com/c/KK/KKNHZ.gif", "price": "139", "unit_price": "$1.11/ lb", "name": "Stop & Shop Chicken Livers All Natural Fresh", "cnid": "2855", "productId": "167294", "size": "20 oz pkg"},
{"thumb": "http://i4.peapod.com/c/KK/KKNHZ.gif", "price": "599", "unit_price": "$7.99/ lb", "name": "Stop & Shop Chicken Marsala Heat & Serve", "cnid": "2855", "productId": "142841", "size": "12 oz pkg"},
{"thumb": "http://i4.peapod.com/c/KK/KKNHZ.gif", "price": "699", "unit_price": "$6.36/ lb", "name": "Stop & Shop Chicken Parmesan Marinara Fully Cooked Refrigerated", "cnid": "2855", "productId": "158760", "size": "18 oz pkg"},
{"thumb": "http://i4.peapod.com/c/KK/KKNHZ.gif", "price": "599", "unit_price": "$5.99/ lb", "name": "Stop & Shop Chicken Penne Parmigiana Heat & Serve", "cnid": "2855", "productId": "152387", "size": "16 oz pkg"},
{"thumb": "http://i4.peapod.com/c/KK/KKNHZ.gif", "price": "299", "unit_price": "$7.87/ lb", "name": "Stop & Shop Chicken Popcorn Fully Cooked Refrigerated", "cnid": "2855", "productId": "151255", "size": "6 oz pkg"},
{"thumb": "http://i4.peapod.com/c/KK/KKNHZ.gif", "price": "699", "unit_price": "$6.99/ lb", "name": "Stop & Shop Chicken Tenders Boneless BBQ Fully Cooked Refrigerated", "cnid": "2855", "productId": "151273", "size": "apx 1 lb"},
{"thumb": "http://i4.peapod.com/c/KK/KKNHZ.gif", "price": "699", "unit_price": "$6.99/ lb", "name": "Stop & Shop Chicken Tenders Buffalo Boneless Fully Cooked Refrigerated", "cnid": "2855", "productId": "111077", "size": "apx 1 lb"},
{"thumb": "http://i4.peapod.com/c/KK/KKNHZ.gif", "price": "299", "unit_price": "$2.99/ lb", "name": "Stop & Shop Chicken Thighs Boneless Skinless 98% Fat Free Fresh", "cnid": "2855", "productId": "127285", "size": "apx 1 lb"},
{"thumb": "http://i4.peapod.com/c/KK/KKNHZ.gif", "price": "597", "unit_price": "$1.99/ lb", "name": "Stop & Shop Chicken Thighs Boneless Skinless Value Pack - 10 ct Fresh", "cnid": "2855", "productId": "163009", "size": "apx 3 lb"},
{"thumb": "http://i4.peapod.com/c/KK/KKNHZ.gif", "price": "439", "unit_price": "$4.39/ lb", "name": "Stop & Shop Chicken Thighs Fried Fully Cooked Refrigerated", "cnid": "2855", "productId": "151517", "size": "4 ct tub"},
{"thumb": "http://i4.peapod.com/c/KK/KKNHZ.gif", "price": "596", "unit_price": "$1.49/ lb", "name": "Stop & Shop Chicken Thighs Value Pack - 10-12 ct Fresh", "cnid": "2855", "productId": "61404", "size": "apx 3-5 lb"},
{"thumb": "http://i4.peapod.com/c/KK/KKNHZ.gif", "price": "298", "unit_price": "$1.99/ lb", "name": "Stop & Shop Chicken Thighs with Asian BBQ Rub Fresh", "cnid": "2855", "productId": "141205", "size": "apx 1.5 lb"},
{"thumb": "http://i4.peapod.com/c/KK/KKNHZ.gif", "price": "670", "unit_price": "$1.49/ lb", "name": "Stop & Shop Chicken Whole Fryer All Natural Fresh", "cnid": "2855", "productId": "163010", "size": "apx 4-5 lb"},
{"thumb": "http://i4.peapod.com/c/KK/KKNHZ.gif", "price": "500", "unit_price": "$1.82/ lb", "name": "Stop & Shop Chicken Whole Rotisserie Bourbon Fully Cooked Refrigerated", "cnid": "2855", "productId": "151252", "size": "apx 2.75 lb"},
{"thumb": "http://i4.peapod.com/c/KK/KKNHZ.gif", "price": "500", "unit_price": "$1.82/ lb", "name": "Stop & Shop Chicken Whole Rotisserie Fully Cooked Refrigerated", "cnid": "2855", "productId": "151250", "size": "apx 2.75 lb"},
{"thumb": "http://i4.peapod.com/c/KK/KKNHZ.gif", "price": "500", "unit_price": "$1.82/ lb", "name": "Stop & Shop Chicken Whole Rotisserie Honey Fully Cooked Refrigerated", "cnid": "2855", "productId": "151251", "size": "apx 2.75 lb"},
{"thumb": "http://i4.peapod.com/c/KK/KKNHZ.gif", "price": "1196", "unit_price": "$2.99/ lb", "name": "Stop & Shop Chicken Whole Stuffed with Bread Stuffing Uncooked Fresh", "cnid": "2855", "productId": "136187", "size": "apx 4 lb"},
{"thumb": "http://i4.peapod.com/c/KK/KKNHZ.gif", "price": "449", "unit_price": "$5.99/ lb", "name": "Stop & Shop Chicken Wing Dings Fully Cooked Refrigerated - apx 5-6 ct", "cnid": "2855", "productId": "151274", "size": "apx 3/4 lb"},
{"thumb": "http://i4.peapod.com/c/KK/KKNHZ.gif", "price": "449", "unit_price": "$5.99/ lb", "name": "Stop & Shop Chicken Wings BBQ Fully Cooked Refrigerated - apx 5-6 ct", "cnid": "2855", "productId": "143284", "size": "apx 3/4 lb"},
{"thumb": "http://i4.peapod.com/c/KK/KKNHZ.gif", "price": "439", "unit_price": "$4.39/ lb", "name": "Stop & Shop Chicken Wings Fried Fully Cooked Refrigerated", "cnid": "2855", "productId": "151518", "size": "4 ct tub"},
{"thumb": "http://i4.peapod.com/c/KK/KKNHZ.gif", "price": "969", "unit_price": "$2.42/ lb", "name": "Stop & Shop Chicken Wings Sections Frozen", "cnid": "2855", "productId": "162688", "size": "4 lb bag"},
{"thumb": "http://i4.peapod.com/c/KK/KKNHZ.gif", "price": "1036", "unit_price": "$2.59/ lb", "name": "Stop & Shop Chicken Wings Uncooked Value Pack Fresh", "cnid": "2855", "productId": "58763", "size": "apx 4 lb"},
{"thumb": "http://i4.peapod.com/c/KK/KKNHZ.gif", "price": "449", "unit_price": "$5.99/ lb", "name": "Stop & Shop Chicken Wing Zings Fully Cooked Refrigerated - apx 5-6 ct", "cnid": "2855", "productId": "151275", "size": "apx 3/4 lb"},
{"thumb": "http://i4.peapod.com/c/KK/KKNHZ.gif", "price": "1043", "unit_price": "$1.49/ lb", "name": "Stop & Shop Whole Chicken Roaster All Natural Fresh", "cnid": "2855", "productId": "72462", "size": "apx 6-8 lb"},
{"thumb": "http://i4.peapod.com/c/KK/KKNHZ.gif", "price": "699", "unit_price": "$4.40/ lb", "name": "Tyson Any'tizers Chicken Popcorn Frozen", "cnid": "2855", "productId": "139186", "size": "25.5 oz bag"},
{"thumb": "http://i4.peapod.com/c/KK/KKNHZ.gif", "price": "699", "unit_price": "$5.07/ lb", "name": "Tyson Chicken Breast Oven Roasted Diced Fully Cooked Frozen", "cnid": "2855", "productId": "157472", "size": "22 oz bag"},
{"thumb": "http://i4.peapod.com/c/KK/KKNHZ.gif", "price": "799", "unit_price": "$5.03/ lb", "name": "Tyson Chicken Breast Tenders Breaded Fully Cooked 100% All Natural Frozen", "cnid": "2855", "productId": "138788", "size": "25.5 oz bag"},
{"thumb": "http://i4.peapod.com/c/KK/KKNHZ.gif", "price": "699", "unit_price": "$3.86/ lb", "name": "Tyson Chicken Nuggets Breaded Fully Cooked 100% All Natural Frozen", "cnid": "2855", "productId": "117007", "size": "29 oz bag"},
{"thumb": "http://i4.peapod.com/c/KK/KKNHZ.gif", "price": "279", "unit_price": "$3.36/ lb", "name": "Tyson Chicken Nuggets Breaded Fully Cooked 100% All Natural Frozen", "cnid": "2855", "productId": "68077", "size": "13.2 oz box"},
{"thumb": "http://i4.peapod.com/c/KK/KKNHZ.gif", "price": "699", "unit_price": "$4.40/ lb", "name": "Tyson Chicken Nuggets Fun Breaded Fully Cooked 100% All Natural Frozen", "cnid": "2855", "productId": "162709", "size": "25.5 oz bag"},
{"thumb": "http://i4.peapod.com/c/KK/KKNHZ.gif", "price": "699", "unit_price": "$4.48/ lb", "name": "Tyson Chicken Strips Buffalo Style Frozen", "cnid": "2855", "productId": "133211", "size": "25 oz bag"},
{"thumb": "http://i4.peapod.com/c/KK/KKNHZ.gif", "price": "699", "unit_price": "$4.48/ lb", "name": "Tyson Chicken Strips Crispy Fully Cooked 100% All Natural Frozen", "cnid": "2855", "productId": "124903", "size": "25 oz bag"},
{"thumb": "http://i4.peapod.com/c/KK/KKNHZ.gif", "price": "699", "unit_price": "$5.07/ lb", "name": "Tyson Grilled & Ready Chicken Breast Strips Fully Cooked Frozen", "cnid": "2855", "productId": "157471", "size": "22 oz bag"},
{"thumb": "http://i4.peapod.com/c/KK/KKNHZ.gif", "price": "499", "unit_price": "$3.06/ lb", "name": "Weaver Chicken Breast Nuggets Frozen", "cnid": "2855", "productId": "162711", "size": "26 oz bag"},
{"thumb": "http://i4.peapod.com/c/KK/KKNHZ.gif", "price": "499", "unit_price": "$3.06/ lb", "name": "Weaver Chicken Nuggets Fun Shaped Frozen", "cnid": "2855", "productId": "157259", "size": "26 oz bag"},
{"thumb": "http://i4.peapod.com/c/KK/KKNHZ.gif", "price": "489", "unit_price": "$3.00/ lb", "name": "Yummy Dino Buddies Chicken Breast Nuggets Dinosaur Shapes Breaded Frozen", "cnid": "2855", "productId": "153146", "size": "26 oz box"},
{"thumb": "http://i4.peapod.com/c/KK/KKNHZ.gif", "price": "929", "unit_price": "$9.29/ lb", "name": "Great Range Bison Ground All Natural Fresh", "cnid": "2854", "productId": "141369", "size": "16 oz pkg"},
{"thumb": "http://i4.peapod.com/c/KK/KKNHZ.gif", "price": "268", "unit_price": "$1.79/ lb", "name": "Beef Bones Marrow - 2 ct Fresh", "cnid": "2853", "productId": "58780", "size": "apx 1.5 lb"},
{"thumb": "http://i4.peapod.com/c/KK/KKNHZ.gif", "price": "1198", "unit_price": "$5.99/ lb", "name": "Beef Brisket Flat Cut Fresh", "cnid": "2853", "productId": "9747", "size": "apx 2 lb"},
{"thumb": "http://i4.peapod.com/c/KK/KKNHZ.gif", "price": "249", "unit_price": "$2.49/ lb", "name": "Beef Liver Fresh", "cnid": "2853", "productId": "9757", "size": "apx 1 lb"},
{"thumb": "http://i4.peapod.com/c/KK/KKNHZ.gif", "price": "584", "unit_price": "$4.49/ lb", "name": "Beef Ribs Short Fresh", "cnid": "2853", "productId": "9750", "size": "apx 1.3 lb"},
{"thumb": "http://i4.peapod.com/c/KK/KKNHZ.gif", "price": "1707", "unit_price": "$5.69/ lb", "name": "Beef Roast Bottom Round Boneless Fresh", "cnid": "2853", "productId": "38851", "size": "apx 3 lb"},
{"thumb": "http://i4.peapod.com/c/KK/KKNHZ.gif", "price": "2396", "unit_price": "$5.99/ lb", "name": "Beef Roast Bottom Round Rump Boneless Fresh", "cnid": "2853", "productId": "38852", "size": "apx 3-5 lb"},
{"thumb": "http://i4.peapod.com/c/KK/KKNHZ.gif", "price": "2470", "unit_price": "$5.49/ lb", "name": "Beef Roast Chuck Boneless Fresh", "cnid": "2853", "productId": "9714", "size": "apx 4-5 lb"},
{"thumb": "http://i4.peapod.com/c/KK/KKNHZ.gif", "price": "1397", "unit_price": "$3.99/ lb", "name": "Beef Roast Eye of Round Fresh", "cnid": "2853", "productId": "87791", "size": "apx 3-4 lb"},
{"thumb": "http://i4.peapod.com/c/KK/KKNHZ.gif", "price": "6495", "unit_price": "$12.99/ lb", "name": "Beef Roast Rib Eye 1st-3rd Ribs Semi-Boneless Fresh", "cnid": "2853", "productId": "118913", "size": "apx 4-6 lb"},
{"thumb": "http://i4.peapod.com/c/KK/KKNHZ.gif", "price": "5995", "unit_price": "$11.99/ lb", "name": "Beef Roast Rib Eye 4th-7th Ribs Semi-Boneless Fresh", "cnid": "2853", "productId": "118914", "size": "apx 4-6 lb"},
{"thumb": "http://i4.peapod.com/c/KK/KKNHZ.gif", "price": "4547", "unit_price": "$12.99/ lb", "name": "Beef Roast Rib Eye Boneless Fresh", "cnid": "2853", "productId": "127283", "size": "apx 3-4 lb"},
{"thumb": "http://i4.peapod.com/c/KK/KKNHZ.gif", "price": "1996", "unit_price": "$4.99/ lb", "name": "Beef Roast Shoulder Boneless Fresh", "cnid": "2853", "productId": "61401", "size": "apx 3-5 lb"},
{"thumb": "http://i4.peapod.com/c/KK/KKNHZ.gif", "price": "2797", "unit_price": "$7.99/ lb", "name": "Beef Roast Sirloin Steak Boneless Fresh", "cnid": "2853", "productId": "61414", "size": "apx 3.5 lb"},
{"thumb": "http://i4.peapod.com/c/KK/KKNHZ.gif", "price": "10718", "unit_price": "$16.49/ lb", "name": "Beef Roast Tenderloin Extra Trimmed Cryovac Fresh", "cnid": "2853", "productId": "23710", "size": "apx 6.5 lb"},
{"thumb": "http://i4.peapod.com/c/KK/KKNHZ.gif", "price": "1797", "unit_price": "$5.99/ lb", "name": "Beef Roast Top Round Choice Boneless Fresh", "cnid": "2853", "productId": "38850", "size": "apx 3 lb"},
{"thumb": "http://i4.peapod.com/c/KK/KKNHZ.gif", "price": "349", "unit_price": "$3.49/ lb", "name": "Beef Shank Center Cut Fresh", "cnid": "2853", "productId": "125629", "size": "apx 1 lb"},
{"thumb": "http://i4.peapod.com/c/KK/KKNHZ.gif", "price": "553", "unit_price": "$3.69/ lb", "name": "Beef Steak 7 Bone Fresh", "cnid": "2853", "productId": "38946", "size": "apx 1-2 lb"},
{"thumb": "http://i4.peapod.com/c/KK/KKNHZ.gif", "price": "869", "unit_price": "$5.79/ lb", "name": "Beef Steak Chuck Eye Boneless - 2-3 ct Fresh", "cnid": "2853", "productId": "58784", "size": "apx 1-2 lb"},
{"thumb": "http://i4.peapod.com/c/KK/KKNHZ.gif", "price": "1497", "unit_price": "$4.99/ lb", "name": "Beef Steak Chuck Eye Boneless Value Pack - 4-5 ct Fresh", "cnid": "2853", "productId": "9712", "size": "apx 3 lb"},
{"thumb": "http://i4.peapod.com/c/KK/KKNHZ.gif", "price": "549", "unit_price": "$5.49/ lb", "name": "Beef Steak Cube Bottom Round - 2 ct Fresh", "cnid": "2853", "productId": "58782", "size": "apx 1 lb"},
{"thumb": "http://i4.peapod.com/c/KK/KKNHZ.gif", "price": "1647", "unit_price": "$5.49/ lb", "name": "Beef Steak Cube Family Pack - 6-8 ct Fresh", "cnid": "2853", "productId": "38945", "size": "apx 3 lb"},
{"thumb": "http://i4.peapod.com/c/KK/KKNHZ.gif", "price": "823", "unit_price": "$5.49/ lb", "name": "Beef Steak Eye of Round - 3 ct Fresh", "cnid": "2853", "productId": "58033", "size": "apx 1.5 lb"},
{"thumb": "http://i4.peapod.com/c/KK/KKNHZ.gif", "price": "1922", "unit_price": "$5.49/ lb", "name": "Beef Steak Eye of Round Value Pack - 6 ct Fresh", "cnid": "2853", "productId": "141370", "size": "apx 3-4 lb"},
{"thumb": "http://i4.peapod.com/c/KK/KKNHZ.gif", "price": "1348", "unit_price": "$8.99/ lb", "name": "Beef Steak Flank Fresh", "cnid": "2853", "productId": "9743", "size": "apx 1.5 lb"},
{"thumb": "http://i4.peapod.com/c/KK/KKNHZ.gif", "price": "899", "unit_price": "$11.99/ lb", "name": "Beef Steak New York Strip Boneless Fresh", "cnid": "2853", "productId": "147959", "size": "apx 3/4 lb"},
{"thumb": "http://i4.peapod.com/c/KK/KKNHZ.gif", "price": "599", "unit_price": "$11.99/ lb", "name": "Beef Steak New York Strip Boneless Fresh", "cnid": "2853", "productId": "58029", "size": "apx 1/2 lb"},
{"thumb": "http://i4.peapod.com/c/KK/KKNHZ.gif", "price": "1099", "unit_price": "$10.99/ lb", "name": "Beef Steak Porterhouse Fresh", "cnid": "2853", "productId": "9725", "size": "apx 1 lb"},
{"thumb": "http://i4.peapod.com/c/KK/KKNHZ.gif", "price": "3847", "unit_price": "$10.99/ lb", "name": "Beef Steak Porterhouse Value Pack - 2-3 ct Fresh", "cnid": "2853", "productId": "141373", "size": "apx 3-4 lb"},
{"thumb": "http://i4.peapod.com/c/KK/KKNHZ.gif", "price": "1099", "unit_price": "$10.99/ lb", "name": "Beef Steak Porterhouse with 5 Peppercorn Tea Rub Fresh", "cnid": "2853", "productId": "141209", "size": "apx 1 lb"},
{"thumb": "http://i4.peapod.com/c/KK/KKNHZ.gif", "price": "1874", "unit_price": "$12.49/ lb", "name": "Beef Steak Rib Eye Boneless 5 Peppercorn Tea Rub - 2 ct Fresh", "cnid": "2853", "productId": "141208", "size": "apx 1.5 lb"},
{"thumb": "http://i4.peapod.com/c/KK/KKNHZ.gif", "price": "937", "unit_price": "$12.49/ lb", "name": "Beef Steak Rib Eye Boneless Fresh", "cnid": "2853", "productId": "147961", "size": "apx 3/4 lb"},
{"thumb": "http://i4.peapod.com/c/KK/KKNHZ.gif", "price": "1874", "unit_price": "$12.49/ lb", "name": "Beef Steak Rib Eye Boneless Fresh", "cnid": "2853", "productId": "17145", "size": "apx 1.5 lb"},
{"thumb": "http://i4.peapod.com/c/KK/KKNHZ.gif", "price": "974", "unit_price": "$12.99/ lb", "name": "Beef Steak Rib Eye Boneless Thin Cut - 2 ct Fresh", "cnid": "2853", "productId": "131266", "size": "apx 3/4 lb"},
{"thumb": "http://i4.peapod.com/c/KK/KKNHZ.gif", "price": "1149", "unit_price": "$11.49/ lb", "name": "Beef Steak Rib Eye Semi-Boneless Fresh", "cnid": "2853", "productId": "58035", "size": "apx 1 lb"},
{"thumb": "http://i4.peapod.com/c/KK/KKNHZ.gif", "price": "3847", "unit_price": "$10.99/ lb", "name": "Beef Steak Rib Eye Semi-Boneless Value Pack - 3-4 ct Fresh", "cnid": "2853", "productId": "141372", "size": "apx 3-4 lb"},
{"thumb": "http://i4.peapod.com/c/KK/KKNHZ.gif", "price": "849", "unit_price": "$8.49/ lb", "name": "Beef Steak Rump Short Cut Fresh", "cnid": "2853", "productId": "61415", "size": "apx 1 lb"},
{"thumb": "http://i4.peapod.com/c/KK/KKNHZ.gif", "price": "487", "unit_price": "$6.49/ lb", "name": "Beef Steak Sandwich Thin Cut - 3 ct Fresh", "cnid": "2853", "productId": "9739", "size": "apx 3/4 lb"},
{"thumb": "http://i4.peapod.com/c/KK/KKNHZ.gif", "price": "549", "unit_price": "$5.49/ lb", "name": "Beef Steak Shoulder Chuck Fresh", "cnid": "2853", "productId": "131265", "size": "apx 1 lb"},
{"thumb": "http://i4.peapod.com/c/KK/KKNHZ.gif", "price": "749", "unit_price": "$4.99/ lb", "name": "Beef Steak Shoulder for London Broil Fresh", "cnid": "2853", "productId": "58036", "size": "apx 1.5 lb"},
{"thumb": "http://i4.peapod.com/c/KK/KKNHZ.gif", "price": "2397", "unit_price": "$7.99/ lb", "name": "Beef Steak Sirloin Petite Value Pack - 4-6 ct Fresh", "cnid": "2853", "productId": "38959", "size": "apx 3 lb"},
{"thumb": "http://i4.peapod.com/c/KK/KKNHZ.gif", "price": "1198", "unit_price": "$7.99/ lb", "name": "Beef Steak Sirloin Top Boneless Fresh", "cnid": "2853", "productId": "9728", "size": "apx 1.5 lb"},
{"thumb": "http://i4.peapod.com/c/KK/KKNHZ.gif", "price": "3196", "unit_price": "$7.99/ lb", "name": "Beef Steak Sirloin Top Boneless Value Pack - 2-3 ct Fresh", "cnid": "2853", "productId": "140948", "size": "apx 3-5 lb"},
{"thumb": "http://i4.peapod.com/c/KK/KKNHZ.gif", "price": "849", "unit_price": "$8.49/ lb", "name": "Beef Steak Skirt Fresh", "cnid": "2853", "productId": "9745", "size": "apx 1 lb"},
{"thumb": "http://i4.peapod.com/c/KK/KKNHZ.gif", "price": "412", "unit_price": "$5.49/ lb", "name": "Beef Steak Swiss Bottom Round - 3 ct Fresh", "cnid": "2853", "productId": "58781", "size": "apx 3/4 lb"},
{"thumb": "http://i4.peapod.com/c/KK/KKNHZ.gif", "price": "1099", "unit_price": "$10.99/ lb", "name": "Beef Steak T-Bone Fresh", "cnid": "2853", "productId": "147963", "size": "apx 1 lb"},
{"thumb": "http://i4.peapod.com/c/KK/KKNHZ.gif", "price": "1436", "unit_price": "$11.49/ lb", "name": "Beef Steak T-Bone Thin Cut - 2 ct Fresh", "cnid": "2853", "productId": "33652", "size": "apx 1.2 lb"},
{"thumb": "http://i4.peapod.com/c/KK/KKNHZ.gif", "price": "1699", "unit_price": "$16.99/ lb", "name": "Beef Steak Tenderloin Filet Mignon - 2 ct Fresh", "cnid": "2853", "productId": "147964", "size": "apx 1 lb"},
{"thumb": "http://i4.peapod.com/c/KK/KKNHZ.gif", "price": "849", "unit_price": "$16.99/ lb", "name": "Beef Steak Tenderloin Filet Mignon Fresh", "cnid": "2853", "productId": "11225", "size": "apx 1/2 lb"},
{"thumb": "http://i4.peapod.com/c/KK/KKNHZ.gif", "price": "659", "unit_price": "$5.49/ lb", "name": "Beef Steak Top Blade Boneless - 4 ct Fresh", "cnid": "2853", "productId": "38958", "size": "apx 1.2 lb"},
{"thumb": "http://i4.peapod.com/c/KK/KKNHZ.gif", "price": "599", "unit_price": "$5.99/ lb", "name": "Beef Steak Top Blade Thin Sliced - 4 ct Fresh", "cnid": "2853", "productId": "58034", "size": "apx 1 lb"},
{"thumb": "http://i4.peapod.com/c/KK/KKNHZ.gif", "price": "1149", "unit_price": "$11.49/ lb", "name": "Beef Steak Top Loin 1st Cut Boneless - 1 ct Fresh", "cnid": "2853", "productId": "131267", "size": "apx 1 lb"},
{"thumb": "http://i4.peapod.com/c/KK/KKNHZ.gif", "price": "1319", "unit_price": "$10.99/ lb", "name": "Beef Steak Top Loin Bone-In Fresh", "cnid": "2853", "productId": "17151", "size": "apx 1.2 lb"},
{"thumb": "http://i4.peapod.com/c/KK/KKNHZ.gif", "price": "714", "unit_price": "$6.49/ lb", "name": "Beef Steak Top Round 1st Cut Fresh", "cnid": "2853", "productId": "38841", "size": "apx 1.1 lb"},
{"thumb": "http://i4.peapod.com/c/KK/KKNHZ.gif", "price": "1198", "unit_price": "$5.99/ lb", "name": "Beef Steak Top Round for London Broil Fresh", "cnid": "2853", "productId": "58027", "size": "apx 2 lb"},
{"thumb": "http://i4.peapod.com/c/KK/KKNHZ.gif", "price": "749", "unit_price": "$5.99/ lb", "name": "Beef Steak Top Round Fresh", "cnid": "2853", "productId": "38834", "size": "apx 1.25 lb"},
{"thumb": "http://i4.peapod.com/c/KK/KKNHZ.gif", "price": "649", "unit_price": "$6.49/ lb", "name": "Beef Steak Top Round Thin Sliced - 2 ct Fresh", "cnid": "2853", "productId": "141371", "size": "apx 1 lb"},
{"thumb": "http://i4.peapod.com/c/KK/KKNHZ.gif", "price": "898", "unit_price": "$5.99/ lb", "name": "Beef Steak Top Round with 5 Peppercorn Tea Rub Fresh", "cnid": "2853", "productId": "141207", "size": "apx 1.5 lb"},
{"thumb": "http://i4.peapod.com/c/KK/KKNHZ.gif", "price": "1257", "unit_price": "$4.19/ lb", "name": "Beef Stew Meat Boneless Chuck Fresh", "cnid": "2853", "productId": "41946", "size": "apx 3 lb"},
{"thumb": "http://i4.peapod.com/c/KK/KKNHZ.gif", "price": "749", "unit_price": "$4.99/ lb", "name": "Beef Stew Meat Boneless Chuck Fresh", "cnid": "2853", "productId": "9754", "size": "apx 1.5 lb"},
{"thumb": "http://i4.peapod.com/c/KK/KKNHZ.gif", "price": "749", "unit_price": "$4.99/ lb", "name": "Beef Stew Meat Boneless Round Fresh", "cnid": "2853", "productId": "163206", "size": "apx 1.5 lb"},
{"thumb": "http://i4.peapod.com/c/KK/KKNHZ.gif", "price": "1049", "unit_price": "$10.49/ lb", "name": "Beef Tenderloin Tips Fresh", "cnid": "2853", "productId": "131202", "size": "apx 1 lb"},
{"thumb": "http://i4.peapod.com/c/KK/KKNHZ.gif", "price": "1123", "unit_price": "$7.49/ lb", "name": "Beef Tip Strips Sirloin - 3-4 ct Fresh", "cnid": "2853", "productId": "38942", "size": "apx 1.5 lb"},
{"thumb": "http://i4.peapod.com/c/KK/KKNHZ.gif", "price": "1797", "unit_price": "$5.99/ lb", "name": "Beef Tip Strips Sirloin Value Pack - 4-5 ct Fresh", "cnid": "2853", "productId": "58769", "size": "apx 3 lb"},
{"thumb": "http://i4.peapod.com/c/KK/KKNHZ.gif", "price": "1149", "unit_price": "$5.74/ lb", "name": "Bubba Burgers Certified Angus Beef Chuck 1/3 lb ea - 6 ct Frozen", "cnid": "2853", "productId": "153722", "size": "2 lb box"},
{"thumb": "http://i4.peapod.com/c/KK/KKNHZ.gif", "price": "1099", "unit_price": "$5.49/ lb", "name": "Bubba Burgers Choice Beef Chuck Original 1/3 lb ea - 6 ct Frozen", "cnid": "2853", "productId": "140219", "size": "2 lb box"},
{"thumb": "http://i4.peapod.com/c/KK/KKNHZ.gif", "price": "1099", "unit_price": "$5.49/ lb", "name": "Bubba Burgers Choice Beef Chuck with Sweet Onions 1/3 lb ea - 6 ct Frozen", "cnid": "2853", "productId": "140218", "size": "2 lb box"},
{"thumb": "http://i4.peapod.com/c/KK/KKNHZ.gif", "price": "10493", "unit_price": "$14.99/ lb", "name": "Certified Angus Beef Roast Rib Eye Boneless Fresh", "cnid": "2853", "productId": "70626", "size": "apx 6-8 lb"},
{"thumb": "http://i4.peapod.com/c/KK/KKNHZ.gif", "price": "2007", "unit_price": "$6.69/ lb", "name": "Certified Angus Beef Round Roast Boneless Bottom Fresh", "cnid": "2853", "productId": "127266", "size": "apx 3 lb"},
{"thumb": "http://i4.peapod.com/c/KK/KKNHZ.gif", "price": "549", "unit_price": "$5.49/ lb", "name": "Certified Angus Beef Round Stew Meat Fresh", "cnid": "2853", "productId": "125628", "size": "apx 1 lb"},
{"thumb": "http://i4.peapod.com/c/KK/KKNHZ.gif", "price": "1749", "unit_price": "$17.49/ lb", "name": "Certified Angus Beef Steak Filet Mignon - 2 ct Fresh", "cnid": "2853", "productId": "71921", "size": "apx 1 lb"},
{"thumb": "http://i4.peapod.com/c/KK/KKNHZ.gif", "price": "874", "unit_price": "$17.49/ lb", "name": "Certified Angus Beef Steak Filet Mignon Fresh", "cnid": "2853", "productId": "147966", "size": "apx 1/2 lb"},
{"thumb": "http://i4.peapod.com/c/KK/KKNHZ.gif", "price": "649", "unit_price": "$12.99/ lb", "name": "Certified Angus Beef Steak New York Strip Boneless Loin - 1 ct Fresh", "cnid": "2853", "productId": "58030", "size": "apx 1/2 lb"},
{"thumb": "http://i4.peapod.com/c/KK/KKNHZ.gif", "price": "1199", "unit_price": "$11.99/ lb", "name": "Certified Angus Beef Steak Porterhouse Fresh", "cnid": "2853", "productId": "62007", "size": "apx 1 lb"},
{"thumb": "http://i4.peapod.com/c/KK/KKNHZ.gif", "price": "624", "unit_price": "$12.49/ lb", "name": "Certified Angus Beef Steak Rib Eye Bone-In Fresh", "cnid": "2853", "productId": "190189", "size": "apx 1/2 lb"},
{"thumb": "http://i4.peapod.com/c/KK/KKNHZ.gif", "price": "1087", "unit_price": "$14.49/ lb", "name": "Certified Angus Beef Steak Rib Eye Boneless Fresh", "cnid": "2853", "productId": "58031", "size": "apx 3/4 lb"},
{"thumb": "http://i4.peapod.com/c/KK/KKNHZ.gif", "price": "1198", "unit_price": "$5.99/ lb", "name": "Certified Angus Beef Steak Shoulder for London Broil Fresh", "cnid": "2853", "productId": "70637", "size": "apx 2 lb"},
{"thumb": "http://i4.peapod.com/c/KK/KKNHZ.gif", "price": "399", "unit_price": "$7.99/ lb", "name": "Certified Angus Beef Steak Sirloin Petite Fresh", "cnid": "2853", "productId": "163203", "size": "apx 1/2 lb"},
{"thumb": "http://i4.peapod.com/c/KK/KKNHZ.gif", "price": "1348", "unit_price": "$8.99/ lb", "name": "Certified Angus Beef Steak Sirloin Top Boneless Fresh", "cnid": "2853", "productId": "70632", "size": "apx 1.5 lb"},
{"thumb": "http://i4.peapod.com/c/KK/KKNHZ.gif", "price": "1199", "unit_price": "$11.99/ lb", "name": "Certified Angus Beef Steak T-Bone Fresh", "cnid": "2853", "productId": "62006", "size": "apx 1 lb"},
{"thumb": "http://i4.peapod.com/c/KK/KKNHZ.gif", "price": "699", "unit_price": "$6.99/ lb", "name": "Certified Angus Beef Steak Top Round for London Broil Fresh", "cnid": "2853", "productId": "190234", "size": "apx 1 lb"},
{"thumb": "http://i4.peapod.com/c/KK/KKNHZ.gif", "price": "1048", "unit_price": "$6.99/ lb", "name": "Certified Angus Beef Steak Top Round Fresh", "cnid": "2853", "productId": "70642", "size": "apx 1.5 lb"},
{"thumb": "http://i4.peapod.com/c/KK/KKNHZ.gif", "price": "1273", "unit_price": "$8.49/ lb", "name": "Certified Angus Beef Tip Strips Sirloin - 3-4 ct Fresh", "cnid": "2853", "productId": "78542", "size": "apx 1.5 lb"},
{"thumb": "http://i4.peapod.com/c/KK/KKNHZ.gif", "price": "1947", "unit_price": "$6.49/ lb", "name": "Certified Angus Roast Eye of Round", "cnid": "2853", "productId": "70631", "size": "apx 3 lb"},
{"thumb": "http://i4.peapod.com/c/KK/KKNHZ.gif", "price": "2796", "unit_price": "$6.99/ lb", "name": "Certified Angus Roast Rump Boneless", "cnid": "2853", "productId": "70636", "size": "apx 3-5 lb"},
{"thumb": "http://i4.peapod.com/c/KK/KKNHZ.gif", "price": "2097", "unit_price": "$6.99/ lb", "name": "Certified Angus Roast Top Round Boneless", "cnid": "2853", "productId": "70640", "size": "apx 3 lb"},
{"thumb": "http://i4.peapod.com/c/KK/KKNHZ.gif", "price": "649", "unit_price": "$4.33/ lb", "name": "Cooked Perfect Meatballs Angus Beef Dinner Size Frozen", "cnid": "2853", "productId": "153720", "size": "24 oz bag"},
{"thumb": "http://i4.peapod.com/c/KK/KKNHZ.gif", "price": "929", "unit_price": "$3.10/ lb", "name": "Cooked Perfect Meatballs Italian Style Bite Size Frozen", "cnid": "2853", "productId": "122688", "size": "48 oz bag"},
{"thumb": "http://i4.peapod.com/c/KK/KKNHZ.gif", "price": "649", "unit_price": "$3.24/ lb", "name": "Cooked Perfect Meatballs Italian Style Dinner Size Frozen", "cnid": "2853", "productId": "117859", "size": "32 oz bag"},
{"thumb": "http://i4.peapod.com/c/KK/KKNHZ.gif", "price": "649", "unit_price": "$3.24/ lb", "name": "Cooked Perfect Meatballs Swedish Style Bite Size Frozen", "cnid": "2853", "productId": "117860", "size": "32 oz bag"},
{"thumb": "http://i4.peapod.com/c/KK/KKNHZ.gif", "price": "1167", "unit_price": "$3.89/ lb", "name": "Ground Beef 75% Lean 25% Fat Value Pack Fresh", "cnid": "2853", "productId": "70502", "size": "apx 3 lb"},
{"thumb": "http://i4.peapod.com/c/KK/KKNHZ.gif", "price": "599", "unit_price": "$3.99/ lb", "name": "Ground Beef 80% Lean Fresh", "cnid": "2853", "productId": "59367", "size": "apx 1.5 lb"},
{"thumb": "http://i4.peapod.com/c/KK/KKNHZ.gif", "price": "897", "unit_price": "$2.99/ lb", "name": "Ground Beef 80% Lean Value Pack Fresh", "cnid": "2853", "productId": "163208", "size": "apx 3 lb"},
{"thumb": "http://i4.peapod.com/c/KK/KKNHZ.gif", "price": "1373", "unit_price": "$5.49/ lb", "name": "Ground Beef 85% Lean Value Pack Fresh", "cnid": "2853", "productId": "57985", "size": "apx 2.5 lb"},
{"thumb": "http://i4.peapod.com/c/KK/KKNHZ.gif", "price": "749", "unit_price": "$5.99/ lb", "name": "Ground Beef 90% Lean Fresh", "cnid": "2853", "productId": "57983", "size": "apx 1.25 lb"},
{"thumb": "http://i4.peapod.com/c/KK/KKNHZ.gif", "price": "786", "unit_price": "$6.29/ lb", "name": "Ground Beef 93% Lean Fresh", "cnid": "2853", "productId": "57984", "size": "apx 1.25 lb"},
{"thumb": "http://i4.peapod.com/c/KK/KKNHZ.gif", "price": "999", "unit_price": "$4.99/ lb", "name": "Ground Beef Chuck Patties Certified Angus - 8 ct Frozen", "cnid": "2853", "productId": "141381", "size": "2 lb box"},
{"thumb": "http://i4.peapod.com/c/KK/KKNHZ.gif", "price": "686", "unit_price": "$5.49/ lb", "name": "Ground Beef Round 85% Lean Fresh", "cnid": "2853", "productId": "69192", "size": "apx 1.25 lb"},
{"thumb": "http://i4.peapod.com/c/KK/KKNHZ.gif", "price": "853", "unit_price": "$5.69/ lb", "name": "Ground Beef Round Certified Angus 86% Lean Fresh", "cnid": "2853", "productId": "118915", "size": "apx 1.5 lb"},
{"thumb": "http://i4.peapod.com/c/KK/KKNHZ.gif", "price": "599", "unit_price": "$6.37/ lb", "name": "Hormel Simple Ideas Beef Tips & Gravy Slow Simmered Refrigerated", "cnid": "2853", "productId": "115394", "size": "15 oz pkg"},
{"thumb": "http://i4.peapod.com/c/KK/KKNHZ.gif", "price": "599", "unit_price": "$6.37/ lb", "name": "Hormel Simple Ideas Roast Beef Au Jus Slow Simmered Refrigerated", "cnid": "2853", "productId": "115393", "size": "15 oz pkg"},
{"thumb": "http://i4.peapod.com/c/KK/KKNHZ.gif", "price": "1599", "unit_price": "$6.83/ lb", "name": "Lloyd's Beef Ribs Center Cut Smoked with Original BBQ Sauce Refrigerated", "cnid": "2853", "productId": "107361", "size": "37.4 oz pkg"},
{"thumb": "http://i4.peapod.com/c/KK/KKNHZ.gif", "price": "449", "unit_price": "$4.78/ lb", "name": "Lloyd's Simple Ideas Beef Seasoned & Shredded in BBQ Sauce Refrigerated", "cnid": "2853", "productId": "126794", "size": "15 oz tub"},
{"thumb": "http://i4.peapod.com/c/KK/KKNHZ.gif", "price": "499", "unit_price": "$4.99/ lb", "name": "Meatloaf Mix 1/3 Pork 1/3 Veal 1/3 Beef Mixed Fresh", "cnid": "2853", "productId": "131240", "size": "1 lb pkg"},
{"thumb": "http://i4.peapod.com/c/KK/KKNHZ.gif", "price": "499", "unit_price": "$4.99/ lb", "name": "Nature's Promise Naturals Beef Chuck for Stew Antibiotic Free Fresh", "cnid": "2853", "productId": "140438", "size": "apx 1 lb"},
{"thumb": "http://i4.peapod.com/c/KK/KKNHZ.gif", "price": "949", "unit_price": "$18.99/ lb", "name": "Nature's Promise Naturals Beef Filet Mignon Antibiotic Free - 1 ct Fresh", "cnid": "2853", "productId": "140444", "size": "apx 1/2 lb"},
{"thumb": "http://i4.peapod.com/c/KK/KKNHZ.gif", "price": "2796", "unit_price": "$6.99/ lb", "name": "Nature's Promise Naturals Beef Roast Eye of Round Antibiotic Free Fresh", "cnid": "2853", "productId": "140440", "size": "apx 3-5 lb"},
{"thumb": "http://i4.peapod.com/c/KK/KKNHZ.gif", "price": "599", "unit_price": "$11.99/ lb", "name": "Nature's Promise Naturals Beef Steak New York Strip Boneless Fresh", "cnid": "2853", "productId": "140441", "size": "apx 1/2 lb"},
{"thumb": "http://i4.peapod.com/c/KK/KKNHZ.gif", "price": "1199", "unit_price": "$11.99/ lb", "name": "Nature's Promise Naturals Beef Steak Porterhouse Antibiotic Free Fresh", "cnid": "2853", "productId": "140442", "size": "apx 1 lb"},
{"thumb": "http://i4.peapod.com/c/KK/KKNHZ.gif", "price": "1199", "unit_price": "$15.99/ lb", "name": "Nature's Promise Naturals Beef Steak Rib Eye Boneless Fresh", "cnid": "2853", "productId": "140443", "size": "apx 3/4 lb"},
{"thumb": "http://i4.peapod.com/c/KK/KKNHZ.gif", "price": "599", "unit_price": "$7.99/ lb", "name": "Nature's Promise Naturals Beef Steak Top Round Boneless Antibiotic Free", "cnid": "2853", "productId": "140445", "size": "apx 3/4 lb"},
{"thumb": "http://i4.peapod.com/c/KK/KKNHZ.gif", "price": "811", "unit_price": "$6.49/ lb", "name": "Nature's Promise Naturals Ground Beef 85% Lean Fresh", "cnid": "2853", "productId": "140439", "size": "apx 1.25 lb"},
{"thumb": "http://i4.peapod.com/c/KK/KKNHZ.gif", "price": "1299", "unit_price": "$4.33/ lb", "name": "Our Best Beef Burgers 1/4 lb - 12 ct Frozen", "cnid": "2853", "productId": "82021", "size": "3 lb box"},
{"thumb": "http://i4.peapod.com/c/KK/KKNHZ.gif", "price": "2099", "unit_price": "$4.20/ lb", "name": "Our Best Beef Burgers 1/4 lb - 20 ct Frozen", "cnid": "2853", "productId": "82020", "size": "5 lb box"},
{"thumb": "http://i4.peapod.com/c/KK/KKNHZ.gif", "price": "879", "unit_price": "$6.71/ lb", "name": "Steak-Umm Beef Sandwich Steaks Sliced - 14 ct Frozen", "cnid": "2853", "productId": "71998", "size": "21 oz box"},
{"thumb": "http://i4.peapod.com/c/KK/KKNHZ.gif", "price": "499", "unit_price": "$8.91/ lb", "name": "Steak-Umm Beef Sandwich Steaks Sliced - 6 ct Frozen", "cnid": "2853", "productId": "156887", "size": "9 oz box"},
{"thumb": "http://i4.peapod.com/c/KK/KKNHZ.gif", "price": "699", "unit_price": "$3.49/ lb", "name": "Steak-Umm Chuck Patties Original 1/3 lb - 6 ct Frozen", "cnid": "2853", "productId": "162692", "size": "32 oz box"},
{"thumb": "http://i4.peapod.com/c/KK/KKNHZ.gif", "price": "699", "unit_price": "$3.49/ lb", "name": "Steak-Umm Chuck Patties with Sweet Onions 1/3 lb - 6 ct Frozen", "cnid": "2853", "productId": "162694", "size": "32 oz box"},
{"thumb": "http://i4.peapod.com/c/KK/KKNHZ.gif", "price": "599", "unit_price": "$4.79/ lb", "name": "Stop & Shop Meatballs Marinara Heat & Serve", "cnid": "2853", "productId": "158759", "size": "20 oz pkg"},
{"thumb": "http://i4.peapod.com/c/KK/KKNHZ.gif", "price": "549", "unit_price": "$5.18/ lb", "name": "Tyson Beef Meatloaf Seasoned Fully Cooked Refrigerated", "cnid": "2853", "productId": "127287", "size": "17 oz pkg"},
{"thumb": "http://i4.peapod.com/c/KK/KKNHZ.gif", "price": "549", "unit_price": "$5.18/ lb", "name": "Tyson Beef Pot Roast in Gravy Fully Cooked Refrigerated", "cnid": "2853", "productId": "127286", "size": "17 oz pkg"},
{"thumb": "http://i4.peapod.com/c/KK/KKNHZ.gif", "price": "574", "unit_price": "$11.49/ lb", "name": "USDA Choice Beef Steak Loin New York Strip Boneless End Cut Fresh", "cnid": "2853", "productId": "147965", "size": "apx 1/2 lb"},
{"thumb": "http://i4.peapod.com/c/KK/KKNHZ.gif", "price": "399", "unit_price": "$28.50/ lb", "name": "Boar's Head Bacon Fully Cooked 2 Pouches - 7 Slices Each", "cnid": "2852", "productId": "150560", "size": "2.2 oz box"},
{"thumb": "http://i4.peapod.com/c/KK/KKNHZ.gif", "price": "699", "unit_price": "$6.99/ lb", "name": "Boar's Head Bacon Naturally Smoked Sliced", "cnid": "2852", "productId": "64770", "size": "16 oz pkg"},
{"thumb": "http://i4.peapod.com/c/KK/KKNHZ.gif", "price": "169", "unit_price": "$4.45/ lb", "name": "Butterball Bacon Turkey Thin & Crispy - 18 ct", "cnid": "2852", "productId": "51230", "size": "6 oz pkg"},
{"thumb": "http://i4.peapod.com/c/KK/KKNHZ.gif", "price": "699", "unit_price": "$9.32/ lb", "name": "Hormel Bacon Microwave Original - 12 ct", "cnid": "2852", "productId": "81308", "size": "12 oz pkg"},
{"thumb": "http://i4.peapod.com/c/KK/KKNHZ.gif", "price": "669", "unit_price": "$6.69/ lb", "name": "Hormel Black Label Bacon Maple", "cnid": "2852", "productId": "162689", "size": "16 oz pkg"},
{"thumb": "http://i4.peapod.com/c/KK/KKNHZ.gif", "price": "669", "unit_price": "$6.69/ lb", "name": "Hormel Black Label Bacon Original", "cnid": "2852", "productId": "159266", "size": "16 oz pkg"},
{"thumb": "http://i4.peapod.com/c/KK/KKNHZ.gif", "price": "379", "unit_price": "$9.97/ lb", "name": "Jones Dairy Farm Canadian Bacon Center Cut Hickory Smoked - 10 ct", "cnid": "2852", "productId": "3163", "size": "6 oz pkg"},
{"thumb": "http://i4.peapod.com/c/KK/KKNHZ.gif", "price": "599", "unit_price": "$7.99/ lb", "name": "Nature's Promise Naturals Bacon Hickory Smoked Uncured", "cnid": "2852", "productId": "145174", "size": "12 oz pkg"},
{"thumb": "http://i4.peapod.com/c/KK/KKNHZ.gif", "price": "375", "unit_price": "$5.00/ lb", "name": "Oscar Mayer Bacon Center Cut Original Naturally Hardwood Smoked", "cnid": "2852", "productId": "6374", "size": "12 oz pkg"},
{"thumb": "http://i4.peapod.com/c/KK/KKNHZ.gif", "price": "369", "unit_price": "$23.06/ lb", "name": "Oscar Mayer Bacon Fully Cooked Thick Cut - 9-11 slices", "cnid": "2852", "productId": "142535", "size": "2.52 oz box"},
{"thumb": "http://i4.peapod.com/c/KK/KKNHZ.gif", "price": "375", "unit_price": "$3.75/ lb", "name": "Oscar Mayer Bacon Naturally Hardwood Smoked - 20 ct", "cnid": "2852", "productId": "6372", "size": "16 oz pkg"},
{"thumb": "http://i4.peapod.com/c/KK/KKNHZ.gif", "price": "375", "unit_price": "$3.75/ lb", "name": "Oscar Mayer Bacon Naturally Hardwood Smoked Lower Sodium - 20 ct", "cnid": "2852", "productId": "6373", "size": "16 oz pkg"},
{"thumb": "http://i4.peapod.com/c/KK/KKNHZ.gif", "price": "375", "unit_price": "$3.75/ lb", "name": "Oscar Mayer Bacon Naturally Hardwood Smoked Maple - 16 ct", "cnid": "2852", "productId": "134682", "size": "16 oz pkg"},
{"thumb": "http://i4.peapod.com/c/KK/KKNHZ.gif", "price": "375", "unit_price": "$3.75/ lb", "name": "Oscar Mayer Bacon Naturally Hardwood Smoked Thick Cut - 12 ct", "cnid": "2852", "productId": "22437", "size": "16 oz pkg"},
{"thumb": "http://i4.peapod.com/c/KK/KKNHZ.gif", "price": "300", "unit_price": "$4.00/ lb", "name": "Oscar Mayer Bacon Turkey - 24 ct", "cnid": "2852", "productId": "8507", "size": "12 oz pkg"},
{"thumb": "http://i4.peapod.com/c/KK/KKNHZ.gif", "price": "599", "unit_price": "$7.99/ lb", "name": "Plumrose Bacon Center Cut", "cnid": "2852", "productId": "162690", "size": "12 oz pkg"},
{"thumb": "http://i4.peapod.com/c/KK/KKNHZ.gif", "price": "599", "unit_price": "$5.99/ lb", "name": "Plumrose Premium Bacon Sliced", "cnid": "2852", "productId": "131107", "size": "16 oz pkg"},
{"thumb": "http://i4.peapod.com/c/KK/KKNHZ.gif", "price": "250", "unit_price": "$3.33/ lb", "name": "Shady Brook Farms Bacon Turkey", "cnid": "2852", "productId": "162691", "size": "12 oz pkg"},
{"thumb": "http://i4.peapod.com/c/KK/KKNHZ.gif", "price": "399", "unit_price": "$5.32/ lb", "name": "Stop & Shop Bacon Center Cut", "cnid": "2852", "productId": "162687", "size": "12 oz pkg"},
{"thumb": "http://i4.peapod.com/c/KK/KKNHZ.gif", "price": "250", "unit_price": "$19.23/ lb", "name": "Stop & Shop Bacon Fully Cooked Sliced", "cnid": "2852", "productId": "153719", "size": "2.1 oz box"},
{"thumb": "http://i4.peapod.com/c/KK/KKNHZ.gif", "price": "399", "unit_price": "$3.99/ lb", "name": "Stop & Shop Bacon Hickory Smoked", "cnid": "2852", "productId": "127294", "size": "16 oz pkg"},
{"thumb": "http://i4.peapod.com/c/KK/KKNHZ.gif", "price": "399", "unit_price": "$3.99/ lb", "name": "Stop & Shop Bacon Lower Sodium", "cnid": "2852", "productId": "130679", "size": "16 oz pkg"},
{"thumb": "http://i4.peapod.com/c/KK/KKNHZ.gif", "price": "399", "unit_price": "$3.99/ lb", "name": "Stop & Shop Bacon Maple Flavored", "cnid": "2852", "productId": "141378", "size": "16 oz pkg"}]